3442 4094
1526 99 1588 147 13

315 237 418 283 Cfl'r.
470 232 708 285 Venias,
759 230 812 275 de
858 230 964 274 nist.
1014 231 1102 274 Lat.
1152 231 1199 275 L.
1242 231 1279 275 I.
1328 243 1369 274 c.
1417 232 1461 275 9.
1526 231 1826 282 Funceius,
1878 230 1931 274 de
1976 228 2268 276 Adolescentia
2318 232 2366 275 L.
2410 233 2457 274 L.
2495 247 2533 275 c.
2566 237 2619 280 V.
2655 239 2693 292 §-
2728 238 2843 280 XXI.

255 316 301 358 p.
339 300 475 341 197.‘
509 296 713 338 Kranae
760 309 804 352 p.
852 294 960 338 232.
1024 296 1411 345 Westermann,
1444 296 1484 351 S.
1517 296 1590 337 45.
1623 309 1666 351 p.
1705 295 1809 337 103.
1874 294 2059 351 Meyer,
2095 297 2135 352 ς.
2170 295 2323 339 XLtV.
2357 310 2398 351 p.
2435 296 2542 338 270.
2607 298 2842 350 Ellendt,

254 364 295 418 §-
326 360 402 402 24.
435 372 479 415 p.
517 358 592 400 54.
625 371 717 415 sqq.
785 355 943 407 nahe,
978 357 1159 413 §.197.
1191 356 1241 396 Τ.
1274 356 1332 398 11.
1364 370 1408 411 p.
1443 356 1518 397 22.
1559 356 1715 412 quibus
1741 355 1922 399 addatur
1950 358 1986 399 1.
2034 359 2087 400 R.
2123 356 2465 409 Thorbecke,
2508 357 2742 401 comment.
2790 362 2841 403 de

251 421 440 480 perfecto
499 419 676 463 Oratore
734 435 782 463 ex
841 420 1046 462 sententia
1092 416 1303 459 Ciceronis
1349 431 1394 473 p.
1446 418 1520 460 34.
1570 431 1631 474 sq.
1685 418 1738 460 de
1784 418 1933 461 Catulo
1980 417 2196 477 disputans
2241 427 2386 477 utpote
2435 435 2522 464 uno
2571 434 2719 464 eorum
2765 425 2839 479 qui

251 487 297 527 in
329 485 506 541 Dialogo
538 483 591 526 de
623 483 798 526 Oratore
830 483 1053 541 loquentes
1083 478 1362 522 inducuntur.

1278 602 1792 647 Fragmenta.

314 719 373 761 Ex
415 718 551 762 Catuli
599 716 707 761 libro
754 714 919 756 nullum
965 713 1134 756 omnino
1181 727 1204 754 a
1249 711 1523 769 scriptoribus
1564 712 1717 753 Latinis
1763 718 1974 753 servatum
2021 719 2079 754 est
2111 713 2411 769 fragmentum.
2479 714 2660 757 Fortasse
2695 724 2835 759 tamen

251 780 350 823 inde
383 781 593 826 fluxerunt
625 793 673 819 ea
707 791 818 833 quae
851 783 990 817 narrat

317 839 581 900 (Plutarch.
616 840 669 882 in
700 837 861 882 Mario
885 852 937 895 p.
974 838 1077 881 420.
1114 834 1188 896 F.)
1265 835 1391 879 Οὕτω
1442 832 1482 876 δ’
1530 831 1640 889 ἦσαν
1680 832 1883 876 διάπονοι
1936 836 1990 876 τὰ
2036 837 2216 890 σώματα
2261 838 2334 877 καὶ
2389 837 2744 893 κατηθληκότες,
2779 842 2835 886 ὠ,-

250 906 353 957 μήτε
400 900 607 957 ἱδροῦντά
652 914 783 953 τινα,
829 903 934 955 μήτε
977 900 1291 954 ἀσθμαίνοντα
1320 897 1554 953 “Ρωμαίων
1587 896 1815 952 ὀφθῆναι,
1858 897 1932 938 διὰ
1965 900 2150 950 πνίγους
2185 903 2391 940 τοσούτου
2424 903 2496 940 καὶ
2531 905 2639 954 μετὰ
2675 901 2834 954 δρόμου

247 968 323 1020 τῆς
351 962 589 1021 συῤῥάξξως
620 963 873 1017 Ϊὲνθμένης·
905 964 962 1011 ὥς
994 963 1070 1004 τὸν
1106 961 1284 1003 Κάτλον
1319 961 1453 1001 αὑτὸν
1485 962 1668 1016 ἱστορεῖν
1703 959 1876 1011 λέγουσι
1909 960 2214 1013 μεγαλιῖνοντα
2246 965 2345 1008 τούς
2375 968 2658 1016 στρατιώτας.

344 1085 399 1118 Ad
440 1085 477 1117 h.
522 1084 549 1117 l.
592 1084 784 1117 tenendum
823 1091 875 1116 est
915 1083 1021 1127 quod·
1047 1089 1167 1115 mouet
1201 1081 1395 1115 neerenius
1429 1081 1473 1115 de
1505 1080 1677 1132 'Fontibus
1712 1087 1746 1114 et
1779 1081 1980 1132 auctoritate
2015 1079 2175 1115 vitarum
2208 1082 2449 1127 parallelarum
2483 1083 2656 1118 Plutarchi
2688 1098 2725 1131 p.
2756 1085 2833 1118 149.

393 1128 583 1170 Catulum,
619 1128 733 1163 Marii
769 1127 955 1171 collegam,
993 1127 1213 1160 comulatam
1249 1136 1352 1159 suum
1382 1136 1531 1171 proprio
1555 1129 1806 1158 commentam
1829 1126 2070 1169 descripsisse,
2099 1130 2221 1159 testem
2242 1129 2405 1161 habemus
2433 1130 2628 1162 Ciceronem
2652 1132 2689 1162 in
2713 1132 2831 1163 Bruto

389 1185 417 1206 c.
445 1175 503 1206 85.
550 1174 751 1217 δαήμεναί
779 1183 860 1205 vero
895 1173 1030 1210 latinu
1062 1173 1281 1205 Plutarchus
1314 1182 1397 1204 vero
1436 1183 1522 1203 num
1558 1172 1628 1214 ipse
1660 1171 1763 1203 illum
1791 1172 2000 1214 inspexerit,
2040 1183 2086 1204 an
2117 1183 2199 1205 vero
2231 1184 2272 1206 ez·
2315 1174 2467 1208 aliorum
2512 1175 2724 1209 testimoniis
2766 1187 2833 1209 sua

387 1220 566 1262 hauserit,
603 1218 766 1253 dubitare
789 1217 891 1257 licet,·
923 1216 1096 1263 siquidem
1120 1215 1237 1252 »alios
1259 1216 1391 1251 tradere
1407 1242 1416 1259 ,
1445 1216 1521 1260 ait,
1547 1214 1712 1251 Catulum
1733 1215 1818 1250 haec
1840 1215 1942 1251 illave
1967 1217 2187 1251 enarrasse-’'

1197 1370 1236 1425 §.
1274 1370 1315 1412 4.
1379 1369 1425 1412 L.
1459 1365 1699 1411 connixus
1733 1368 1893 1410 Suus:

311 1535 383 1579 His
442 1535 619 1577 accedat
674 1536 720 1576 L.
769 1535 983 1576 Cornelius
1041 1533 1172 1574 Sulla.
1238 1533 1317 1573 Hic
1365 1533 1506 1581 enim,
1554 1532 1631 1588 qui
1680 1538 1851 1586 propter
1896 1546 1960 1573 res
2006 1532 2120 1574 domi
2167 1534 2349 1591 forisque
2396 1544 2527 1592 gestas
2570 1546 2732 1582 tantum
2787 1543 2827 1583 in

248 1599 415 1640 historia
471 1600 530 1639 rei
589 1598 782 1652 publicae
829 1599 1044 1638 Romanae
1086 1602 1335 1637 consecutus
1384 1602 1443 1635 est
1488 1608 1669 1644 nomen,
1721 1601 1768 1635 ut
1817 1608 1913 1635 eum
1963 1610 2101 1652 neque
2145 1594 2336 1639 laudare
2385 1614 2520 1656 neque
2569 1603 2828 1659 vituperare

249 1663 498 1719 quiequam
559 1660 681 1702 eatis
729 1657 869 1716 digne
909 1658 1088 1714 possit,
1139 1663 1185 1699 ut
1233 1655 1379 1699 scribit
1429 1655 1568 1701 Valer.
1612 1656 1718 1698 Max.
1769 1655 1816 1698 L.
1860 1655 1936 1699 tx.
1985 1670 2022 1698 c.
2074 1659 2116 1700 2.
2167 1660 2207 1700 4.
2260 1673 2343 1701 non
2389 1664 2522 1704 solum
2574 1664 2677 1717 fuit,
2728 1675 2829 1711 teste

247 1724 440 1768 Sallustio
486 1724 531 1766 in
574 1722 669 1779 lug.
717 1736 755 1765 c.
812 1722 886 1765 95.
936 1721 1095 1765 literie
1145 1717 1336 1763 Graecis
1388 1724 1524 1778 atque
1571 1717 1763 1762 Latinis
1811 1719 1947 1761 iuxta
1995 1727 2130 1779 atque
2178 1721 2440 1767 doctissime
2483 1726 2720 1780 eruditus,
2756 1732 2826 1774 sed

247 1788 372 1831 etiam
421 1786 562 1828 locum
611 1786 689 1828 sibi
735 1784 918 1827 vindicat
962 1786 1072 1826 inter
1119 1784 1335 1839 scriptores
1383 1784 1560 1823 Latinos.
1627 1784 1795 1823 Etenim
1842 1783 2056 1824 Dictatura
2108 1800 2241 1841 quum
2276 1801 2360 1828 sese
2387 1788 2615 1832 abdicasset
2647 1807 2685 1833 a.
2721 1796 2826 1836 675.

248 1856 289 1890 et
336 1848 540 1904 Neapolin
597 1848 885 1897 concessisset,
946 1861 1021 1903 per
1081 1846 1302 1886 biennium
1353 1844 1486 1894 illud,
1537 1845 1651 1900 quod
1700 1845 1760 1884 ibi
1805 1846 1847 1884 in
1894 1846 1987 1885 villa
2034 1862 2108 1886 sua
2155 1847 2297 1902 degit,
2349 1850 2464 1891 Sulla
2510 1860 2829 1898 commentarios

245 1912 408 1967 scripsit
468 1910 520 1951 de
584 1911 679 1953 Vita
739 1912 847 1960 Sua3
911 1911 984 1966 qui
1035 1923 1059 1948 a
1106 1907 1241 1948 Gellio
1291 1905 1465 1949 Rerum
1507 1913 1753 1963 gestarum
1800 1905 1917 1948 libri
1969 1916 2193 1951 vocantur:
2245 1911 2344 1952 item
2393 1927 2416 1953 a
2467 1913 2702 1968 Prisciauo,
2754 1922 2828 1975 qui

245 1976 348 2014 citat
392 1973 545 2014 librum
589 1973 707 2014 XXI.
772 1971 1021 2013 Plutarchus
1064 1970 1226 2025 saepius
1271 1971 1373 2011 citat
1421 1969 1581 2011 Sullam
1630 1970 1679 2009 ἐν
1724 1972 1813 2016 τοῖς
1859 1967 2197 2022 ζΓπομνήμοισιι
2230 1972 2559 2018 Cicero-autem
2608 1977 2721 2021 hunc
2771 1982 2828 2023 li-

246 2036 369 2076 brum
432 2043 550 2075 vocat
609 2031 767 2076 Sullae
814 2032 1104 2083 Historiam,
1154 2032 1186 2073 si
1240 2032 1399 2074 scilicet
1447 2031 1570 2073 lectio
1620 2045 1714 2073 vera
1760 2032 1836 2083 sit;
1889 2046 1985 2074 uam
2035 2033 2079 2074 iu
2122 2035 2418 2091 antiquissimis
2467 2037 2730 2085 Editionibus
2775 2043 2825 2086 de

245 2098 425 2140 Divinat.
459 2097 506 2139 L.
539 2096 575 2139 1.
609 2110 648 2139 c.
685 2098 759 2138 33.
795 2097 870 2139 72.
904 2110 980 2152 pro
1013 2093 1197 2145 Sullae,
1231 2095 1385 2151 legitur
1417 2091 1634 2136 Sisennae
1665 2092 1896 2137 Historia.

305 2160 520 2216 Scriptum
567 2172 689 2201 suum
736 2158 852 2201 Sulla
904 2157 1114 2200 dedicavit
1154 2157 1354 2208 Lucullo,
1406 2170 1592 2213 quocum
1638 2156 1952 2198 familiarissime
1997 2159 2123 2211 vixit,
2174 2174 2221 2201 ea
2266 2161 2506 2205 conditione
2554 2174 2598 2207 ut
2632 2168 2672 2209 id
2708 2169 2823 2211 dioe-

246 2230 356 2265 reret
413 2237 463 2263 ac
526 2223 775 2278 perpoliret,
818 2220 1178 2278 quemadmodum
1222 2227 1362 2263 narrat
1407 2219 1656 2262 Plutarchus
1699 2221 1743 2261 in
1792 2220 1958 2265 Lucull.
2006 2236 2048 2276 p.
2100 2223 2201 2265 491.
2248 2223 2295 2266 E.
2362 2224 2399 2264 ‘o
2449 2224 2494 2266 δὲ
2546 2203 2821 2281 Λούκουλλος

244 2289 402 2339 ἤσκητο
452 2286 524 2326 καὶ
575 2282 719 2335 λέγειν
771 2284 932 2331 ἱκανῶς
980 2280 1192 2337 ἑκατέραν
1241 2280 1471 2333 γλῶτταν,
1519 2282 1625 2322 ὥστε
1675 2281 1751 2322 καί
1794 2279 1971 2329 Σύλλας
2017 2284 2095 2330 τὰς
2146 2285 2275 2325 αὑτοῦ
2328 2286 2504 2341 πράξεις
2538 2291 2819 2347 ἀναγράφων,

242 2348 397 2399 ἐκείνῳ
447 2349 775 2400 προςεφώνησεν
820 2347 877 2392 ὡς
923 2344 1231 2397 συνταξομένῳ
1280 2347 1352 2384 καὶ
1403 2342 1663 2396 διαθήσοντι
1707 2346 1788 2395 τὴν
1825 2345 2016 2397 ἱστορίαν
2050 2348 2250 2398 ἄμεινον,
2319 2350 2376 2391 Ex
2410 2351 2556 2394 eodem
2593 2356 2819 2401 Pluifflcho

243 2410 432 2451 novimus
484 2409 644 2451 Sullam
702 2407 755 2450 ad
817 2408 1011 2449 ultimum
1073 2416 1204 2462 usque
1258 2406 1363 2448 vitae
1420 2413 1583 2461 tempus
1631 2408 1675 2448 in
1720 2405 2029 2448 conscribendis
2073 2408 2192 2450 rebus
2237 2412 2318 2451 suis
2362 2412 2486 2454 fuisse
2534 2427 2817 2474 occupatum·

243 2474 299 2515 sic
363 2475 474 2514 cuim
532 2473 709 2528 legimus
753 2472 797 2514 in
855 2471 969 2514 Sulla
1010 2486 1052 2526 p.
1102 2469 1204 2513 475.
1243 2469 1293 2512 A.
1341 2468 1365 2510 ὁ
1405 2465 1451 2511 δὲ
1497 2465 1674 2517 Σύλλας
1714 2466 1778 2510 -οὐ
1827 2470 1963 2522 μόνον
2008 2469 2205 2525 προέγνω
2249 2474 2327 2525 τὴν
2376 2475 2532 2518 ἑαυτοῦ
2579 2456 2817 2536 τελευτὴν,

241 2531 356 2576 ἀλλὰ
417 2536 580 2588 τρόπον
643 2534 746 2577 τινὰ
806 2533 877 2576 καὶ
943 2531 1129 2587 γέγραφε
1191 2533 1284 2588 περὶ
1342 2531 1490 2585 αὐτῆς·
1535 2532 1583 2572 τό
1630 2533 1710 2587 γὰρ
1757 2532 1949 2572 εῖκοστὸν
1999 2534 2071 2572 καὶ
2112 2533 2311 2584 δεύτερον
2344 2541 2432 2577 τῶν
2469 2518 2822 2597 Ὑπομνηαάτωιί

241 2597 323 2653 πρὸ
374 2595 494 2641 (lucili
543 2599 738 2654 ἡμερῶν,
790 2599 814 2652 ἠ
864 2594 1092 2647 ἐτελεύτα,
1142 2598 1315 2650 γράφων
1359 2593 1594 2634 ἐπαύσατο.
1657 2595 1830 2633 Librum
1876 2602 2017 2633 autem
2067 2598 2365 2649 imperfectum
2416 2604 2624 2656 supplevit
2671 2585 2821 2662 Epica-

241 2661 338 2714 dus,
382 2660 443 2700 ‘de
491 2673 578 2720 quo
619 2662 762 2700 scribit
812 2662 1034 2699 Suetonius
1085 2659 1136 2696 de
1181 2660 1337 2697 lllustr.
1388 2660 1577 2697 Gramm.
1623 2672 1661 2697 c.
1711 2661 1783 2696 12.
1827 2657 2065 2697 Cornelius
2098 2659 2365 2712 Epicadus,
2402 2663 2454 2703 L.
2492 2666 2624 2707 Corn.
2663 2669 2822 2712 Sullae

240 2725 490 2764 dictatorie
540 2725 759 2773 libertus,
811 2724 1074 2779 calator-que
1118 2724 1171 2760 in
1213 2719 1468 2761 sacerdotio
1513 2716 1838 2777 augurali2ei
1886 2716 2081 2776 filioque
2142 2721 2241 2764 eius
2289 2719 2464 2767 Fausto
2503 2730 2819 2784 gratissimpu

230 2786 367 2843 suit.-
416 2802 559 2843 quare
603 2801 840 2843 nunquam
884 2802 972 2826 non
1016 2785 1260 2840 utriusque
1311 2800 1356 2824 ee
1405 2781 1625 2825 libertum
1668 2779 1827 2825 edidit.
1906 2780 2102 2826 Librum
2147 2791 2325 2838 autem,
2376 2804 2508 2845 quem
2557 2788 2692 2837 Sulla
2734 2814 2817 2839 ηρ,

239 2850 484 2890 vissimum
516 2847 570 2889 de
600 2847 735 2890 rehtu
766 2850 868 2889 mie
899 2845 1219 2903 imperfectum
1251 2845 1534 2903 reliquerat,
1568 2846 1665 2902 ipse
1696 2843 1938 2901 supplevit.

299 2913 611 2967 Argumentum
667 2909 819 2954 horum
880 2908 1283 2954 Commentariorum
1333 2923 1418 2967 quo
1469 2908 1632 2951 facilius
1677 2916 1897 2966 appareat,
1932 2922 2016 2951 uon
2048 2908 2121 2951 abs
2155 2924 2200 2952 re
2228 2911 2318 2954 fore
2351 2912 2559 2969 arbitror,
2593 2919 2623 2960 si
2656 2920 2816 2966 levibu,¹

235 2974 381 3018 saltem
414 2974 532 3017 lineis
561 2973 691 3031 ipsam
723 2973 866 3017 Sullae
897 2974 1025 3017 vitam
1054 2971 1320 3017 adumbrcm.

301 3037 443 3082 Sullae
487 3037 619 3095 igitur
662 3035 944 3080 adolescentia
990 3037 1034 3078 in
1083 3050 1130 3077 ea
1180 3043 1366 3093 tempora
1411 3036 1586 3085 incidit,
1637 3035 1791 3093 quibus
1837 3036 2086 3077 acerrimum
2137 3039 2334 3079 Romanis
2381 3039 2539 3083 bellum
2586 3044 2668 3087 fuit
2716 3062 2811 3091 cum

234 3100 470 3158 Iugurtha,
530 3100 753 3142 Numidiae
816 3113 932 3156 rege.
1009 3099 1136 3154 Quod
1198 3114 1331 3157 quum
1392 3098 1608 3140 decretum
1658 3106 1759 3139 esset
1802 3099 1929 3139 Mario
1980 3099 2163 3153 primum
2209 3101 2371 3142 consuli
2416 3119 2455 3144 a.
2507 3107 2611 3148 647.
2695 3112 2810 3153 Sulla

235 3163 380 3204 aetatis
431 3176 591 3204 anuum
652 3176 781 3220 agens
841 3163 1000 3203 XXXI.
1081 3162 1288 3214 Quaestor
1347 3170 1531 3211 creatus,
1591 3163 1766 3201 Marium
1811 3161 1856 3200 in
1903 3161 2089 3202 Africam
2135 3164 2357 3204 comitatus
2400 3175 2475 3208 est.
2543 3169 2623 3210 Hic
2665 3182 2809 3215 autem

233 3224 349 3266 rudis
406 3232 528 3266 antea
574 3232 615 3265 et
658 3227 830 3281 ignarus
875 3223 1000 3274 belli,
1046 3225 1090 3265 in
1139 3225 1282 3278 paucis
1328 3223 1643 3279 tempestatibus
1683 3224 1816 3265 factus
1862 3231 1921 3265 est
1964 3223 2253 3267 solertissimus
2298 3227 2505 3271 omnium.
2573 3231 2623 3274 Et
2671 3236 2812 3279 missus

232 3304 255 3328 a
300 3287 426 3328 Mario
474 3287 638 3342 legatus
684 3286 739 3328 ad
787 3285 1030 3336 Bocchum,
1081 3284 1184 3327 huic
1234 3284 1380 3328 suadet
1418 3294 1464 3328 ut
1495 3283 1745 3341 Iugurtham
1780 3283 1917 3328 tradat
1946 3286 2157 3329 Romanis.
2224 3287 2320 3331 Post
2352 3290 2480 3333 varias
2512 3292 2644 3348 igitur
2679 3300 2809 3355 tergi-

231 3350 481 3391 versationes
507 3347 690 3390 ‚taudem
728 3348 944 3404 Iugurtha
991 3349 1132 3390 Sullae
1182 3348 1343 3390 vinctus
1381 3348 1558 3389 traditur
1592 3356 1634 3389 et
1662 3346 1715 3389 ab
1749 3362 1798 3389 co
1829 3346 1883 3389 ad
1915 3348 2091 3390 Marium
2125 3347 2330 3392 deductus
2362 3359 2437 3395 est.
2504 3353 2603 3399 Vid.
2638 3358 2806 3402 Sallust,

229 3413 272 3453 in
319 3412 416 3467 Ing.
464 3424 503 3452 c.
547 3411 621 3453 95.
664 3411 739 3452 96.
791 3413 895 3454 111.
943 3412 1046 3453 113.
2040 3460 2043 3465 ,

290 3473 398 3516 Inde
443 3480 584 3516 autem
625 3487 739 3530 quae
784 3472 926 3516 Sullae
974 3481 1069 3517 nata
1119 3480 1209 3516 erat
1255 3474 1413 3530 gloria,
1460 3472 1653 3531 quamvis
1692 3472 1866 3514 Marium
1912 3471 2135 3530 affligeret,
2183 3474 2333 3517 Marius
2368 3480 2585 3522 tamenin
2619 3483 2805 3527 secundo

228 3536 450 3580 consulatu
497 3536 657 3579 Sullam
706 3537 919 3592 legatum,
968 3544 1011 3578 et
1055 3537 1100 3578 in
1148 3538 1274 3580 tertio
1319 3537 1536 3579 tribunum
1582 3536 1764 3578 militum
1795 3549 1936 3580 secum
1968 3535 2123 3578 habere
2157 3551 2241 3579 non
2274 3532 2494 3584 dubitavit.
2560 3543 2610 3584 Et
2641 3544 2803 3602 legatus

226 3599 427 3656 quidem,
477 3606 578 3641 teste
625 3598 851 3641 Plutarcho
899 3599 942 3641 in
986 3599 1092 3642 Sull.
1141 3613 1184 3655 p.
1234 3601 1342 3643 452.
1385 3600 1432 3642 F.
1478 3598 1637 3641 ducem.
1677 3599 2000 3656 Tectosagarum
2046 3599 2257 3657 Copillum
2302 3604 2442 3660 cepit,
2490 3605 2534 3646 in
2585 3606 2809 3652 tribunatu
