3442 4094
1544 151 1610 203 49

269 283 527 337 discesserit,
588 284 840 343 auxeritque
897 283 1128 342 imperinm
1189 283 1345 341 insigni
1399 282 1554 338 modo;
1618 282 1691 328 sed
1736 281 1994 328 ambitiosius
2039 296 2169 343 qnam
2213 279 2351 324 verius
2394 277 2653 325 Herodianus
2697 280 2743 325 L.
2791 278 2874 325 111.

265 366 305 396 c.
358 352 403 395 7.
450 347 577 391 tantis
625 346 824 392 laudibus
870 347 992 403 effert
1040 360 1183 391 rerum
1231 360 1255 389 a
1302 346 1458 389 Severo
1509 353 1723 405 gestarum
1770 348 2092 405 praestantiam,
2143 352 2191 389 ut
2238 343 2347 387 nihil
2390 357 2491 387 cum
2536 342 2600 386 bis
2639 345 2870 402 comparari

266 426 386 472 posse
419 410 678 464 contendat,
714 425 794 456 nec
837 412 1055 457 Caesarem
1104 423 1182 454 nec
1230 409 1498 465 Augustum.
1548 423 1657 462 nec,
1704 411 1778 469 qui
1828 418 1925 454 ante
1974 409 2047 453 hos
2092 411 2290 461 fuerunt,
2342 409 2503 452 Sullam
2554 414 2629 451 aut
2678 408 2871 451 Marium.

264 476 324 518 Οἵ
368 489 414 517 τε
460 476 536 517 τοῦ
579 474 809 531 Σεβήρου,
857 476 917 519 ita
965 474 1112 518 scribit
1159 472 1467 525 Herodianus,
1497 475 1580 525 τήν
1629 486 1675 514 τε
1722 470 1855 514 πόλιν
1905 471 2190 524 Λουγδοῦνον
2227 471 2553 527 διαρπάσαντες
2601 471 2674 512 καὶ
2710 469 2872 524 ἐμπρη-

263 549 452 588 σαντες,
497 540 574 579 τόν
621 551 667 577 τε
717 535 944 593 Ἀλβῖνον
994 533 1292 592 συλλαβόντες
1314 566 1326 587 ,
1372 536 1446 575 καὶ
1482 539 1557 587 τῆς
1592 533 1783 594 κεφαλῆς
1813 533 2080 587 ἀφελόντες,
2117 536 2372 587 κομίσαντες
2404 535 2543 586 αὐτὴν
2572 538 2634 587 τῷ
2666 534 2868 589 Σεβήρῳ,

265 598 392 640 δισσὰ
442 601 516 640 καὶ
563 597 749 652 μέγιστα
792 601 974 654 ἤγειραν
1008 601 1230 652 τρόπαια,
1265 600 1315 639 τὸ
1348 599 1429 651 μὲν
1464 598 1512 639 ἐν
1544 594 1745 652 ἀνατολῇ
1761 627 1775 648 ,
1810 599 1860 637 τὸ
1894 595 1936 638 δ’
1968 596 2045 638 ὑπ’
2078 600 2240 651 ἄρκτῳ·
2275 598 2332 643 ὠς
2366 595 2502 649 μηδὲν
2535 601 2632 644 ταῖς
2664 597 2869 651 Σεβήρου

262 664 423 718 μάχαις
464 664 494 714 η’·
540 661 687 709 νίκαις
731 658 1099 717 παραβάλλεσθαι
1120 692 1133 712 ,
1180 663 1284 714 μήτε
1337 657 1502 713 πλήθει
1535 657 1794 713 δυνάμεως,
1829 663 1935 714 μήτε
1971 659 2120 700 ἐθνῶν
2154 661 2403 710 κινήσεσιν,
2438 657 2612 712 ἀριθμῷ
2646 675 2690 700 τε
2725 674 2868 710 παρα-

261 722 461 777 τάξεων,
503 721 758 779 ὁδοιπορίας
803 738 849 765 τε
898 729 1022 777 μήκει
1072 723 1148 765 καὶ
1193 726 1331 780 τάχει.
1368 720 1578 775 Μεγάλαι
1611 723 1694 777 μὲν
1727 725 1811 777 γὰρ
1845 722 1894 763 αἱ
1925 722 2148 776 Καίσαρος
2182 722 2287 775 πρὸς
2321 723 2553 773 Πομπήϊον
2589 721 2866 775 ἑκατέρωθεν

258 785 566 843 στρατοπέδων
615 784 886 840 Ῥωμαϊκῶν
928 789 1092 843 μάχαι,
1139 787 1213 828 καὶ
1265 784 1399 828 αὐτοῦ
1445 787 1677 842 Σεβαστοῦ
1723 786 1831 840 πρὸς
1880 783 2143 827 ’Λντώνιον
2193 787 2219 838 ἤ
2270 783 2368 831 τούς
2417 785 2653 837 Πομπηΐου
2702 783 2864 832 παῖδας

259 849 347 892 εἴτέ
386 866 429 892 τι
472 851 686 906 πρότερον
735 846 892 902 Σύλλᾳ
939 851 967 902 η“
1017 850 1183 904 Μαρίῳ
1232 847 1280 891 ἓν
1316 846 1544 903 ἐμφυλίοις
1590 848 1665 889 καὶ
1716 846 1993 902 Ῥωμαϊκαῖς
2038 851 2199 904 μάχαις
2240 848 2267 899 ἡ
2299 844 2451 893 ἄλλοις
2485 846 2751 901 πέπρακται.
2785 847 2866 888 ἕνα

260 911 306 954 δὲ
352 911 501 968 ἄνδρα
544 915 658 967 τρεῖς
708 909 962 959 καθελόντα
1009 910 1219 968 βασιλέας
1262 910 1346 966 ἤδη
1394 914 1697 966 κρατοῦντας,
1760 911 1833 951 καὶ
1885 913 1961 952 τοῦ
2012 912 2093 962 μὲν
2146 910 2195 952 ἐν
2245 909 2400 964 “Ρώμῃ
2451 914 2667 962 στρατοῦ,
2733 912 2863 963 σοφίᾳ

255 974 600 1030 περιγενέσθαι,
650 974 725 1014 καὶ
777 974 853 1015 τὸν
903 976 1015 1016 ὄντα
1061 976 1109 1016 ἐν
1161 979 1213 1029 τῇ
1262 972 1472 1030 βασιλείῳ
1521 971 1634 1027 αὐλῇ
1682 973 2015 1029 καθῃρηκέναι,
2062 974 2139 1014 τὸν
2190 971 2265 1023 δὲ,
2313 976 2400 1013 τῶν
2451 973 2498 1012 ἐν
2548 978 2601 1026 τῇ
2661 971 2856 1026 ἀνατολῇ

256 1040 509 1090 κρατοῦντα
555 1033 695 1077 πάλαι
745 1038 817 1076 καὶ
868 1036 1235 1089 ὑπὸῖΡωμαίων
1285 1033 1471 1091 βασιλέα
1520 1033 1776 1089 κληθέντα,
1821 1037 1901 1077 τὸν
1952 1033 2030 1087 δὲ,
2083 1036 2131 1075 ἐν
2195 1035 2415 1088 Καίσαρος
2463 1042 2563 1088 τιμῇ
2615 1035 2687 1074 καὶ
2741 1034 2860 1082 ἐξου-

255 1100 328 1153 σίᾳ
377 1100 593 1150 γεγονότα
641 1101 959 1155 χειρωσάμενον
1007 1096 1226 1153 ἀνδρείᾳ,
1277 1097 1355 1139 οὐκ
1403 1097 1524 1140 ἔστιν
1573 1095 1715 1140 ἄλλον
1768 1096 1927 1152 ῥᾳδίως
1977 1099 2133 1141 εἰπεῖν.
2207 1098 2423 1154 Integrum
2474 1097 2670 1154 adscripsi
2729 1098 2864 1139 Hero·

258 1162 375 1205 diani
418 1161 588 1214 locum,
640 1162 757 1221 quod
798 1163 919 1203 istam
960 1164 1321 1219 comparationem
1363 1163 1506 1205 Severi
1552 1176 1652 1204 cum
1696 1162 1930 1205 clarissimis
1973 1162 2235 1218 superiorum
2278 1168 2516 1217 temporum
2583 1162 2679 1203 viris
2730 1162 2861 1217 magis

254 1239 449 1268 censeam
495 1225 639 1268 Severi
685 1238 815 1282 quam
857 1223 1087 1267 Herodiani
1135 1225 1357 1282 ingenium
1404 1223 1619 1277 redolere;
1666 1225 1725 1267 ita
1768 1224 1973 1284 quidem,
2025 1232 2072 1267 ut
2116 1225 2205 1267 fere
2248 1226 2448 1281 suspicari
2491 1224 2671 1266 audeam
2719 1224 2857 1266 Hero-

255 1288 453 1339 dianum,
486 1301 750 1345 quamquam
784 1300 869 1328 non
903 1288 1120 1329 nominato
1153 1288 1301 1339 fonte,
1336 1287 1442 1330 haec
1474 1289 1564 1344 ipsa
1596 1287 1871 1344 depromsisse
1905 1302 1952 1330 ex
1987 1288 2131 1329 Severi
2164 1287 2497 1329 Commentariis.

317 1346 402 1404 Sed
460 1355 840 1409 quantamcunque
899 1349 1053 1392 Severo
1108 1351 1329 1393 materiam
1382 1349 1596 1393 scribendi
1646 1350 1919 1408 praebuerint
1967 1349 2078 1393 bella
2123 1365 2147 1392 a
2195 1364 2236 1392 se
2287 1357 2428 1407 gesta,
2480 1350 2682 1391 maiorem
2728 1349 2861 1392 Com-

254 1414 452 1456 mentarii
496 1419 662 1469 partem
714 1413 927 1469 postulare
977 1414 1056 1455 sibi
1111 1413 1380 1465 debuerunt,
1431 1415 1464 1455 si
1510 1414 1674 1465 omnia,
1724 1428 1834 1473 quae
1882 1413 2159 1471 perpetravit,
2212 1427 2409 1455 excusare
2455 1413 2655 1461 voluerit.
2708 1413 2860 1454 crude-

252 1476 380 1518 litatis
430 1489 528 1518 suae
578 1475 782 1518 facinora.
845 1476 940 1517 Fuit
989 1477 1101 1518 enim
1153 1484 1302 1534 natura
1348 1491 1493 1518 saevus
1542 1484 1611 1527 ct,
1660 1484 1707 1519 ut
1751 1491 1801 1519 eo
1850 1477 1942 1518 vivo
1989 1477 2101 1527 iam,
2152 1476 2227 1517 etsi
2272 1489 2357 1517 non
2390 1476 2589 1531 impune,
2625 1475 2858 1517 secundum

255 1540 426 1581 Aelium
470 1539 612 1595 Spart.
659 1552 697 1580 c.
747 1539 819 1579 14.
871 1539 1010 1594 plures
1054 1540 1369 1596 loquebantur,
1412 1538 1679 1594 Imperator
1726 1554 1827 1580 vere
1874 1540 2079 1579 nominis
2127 1539 2232 1588 eui,
2283 1551 2387 1578 vere
2446 1537 2709 1587 Pertinax,
2761 1553 2860 1578 vere

255 1599 479 1652 Severue3
541 1601 643 1658 qui,
712 1614 972 1658 quamquam
1034 1602 1298 1659 principatus
1363 1601 1556 1651 exordio,
1609 1615 1728 1643 more
1773 1600 1983 1643 bonorum
2034 1600 2302 1657 principum,
2352 1601 2559 1641 iuraverat
2606 1614 2647 1641 se
2695 1600 2859 1642 nullum

252 1671 481 1706 senatorem
532 1664 773 1705 occisurum
824 1669 864 1704 et
914 1664 1093 1705 Senatus
1141 1664 1391 1706 Consultum
1444 1663 1497 1705 de
1543 1678 1592 1705 ea
1650 1678 1694 1705 re
1742 1663 1833 1706 fieri
1882 1665 2082 1715 iusserat,
2141 1678 2195 1704 ne
2247 1663 2403 1704 liceret
2453 1665 2733 1719 imperatori
2781 1666 2860 1704 in-

255 1726 460 1768 conculco
504 1732 666 1767 senatu
718 1724 914 1783 occidere
959 1733 1215 1769 senatorem
1268 1725 1325 1784 (c.
1362 1725 1454 1784 7.);
1507 1728 1663 1782 primus
1716 1735 1858 1769 tamen
1907 1729 2084 1783 ipsemet
2133 1734 2298 1784 contra·
2327 1741 2418 1767 eam
2467 1727 2602 1781 legem
2640 1728 2853 1781 peccarit;

251 1789 413 1846 quippe
455 1787 530 1845 qui
575 1787 726 1830 multos
775 1794 983 1831 senatores
1028 1789 1266 1839 sustulerit,
1316 1795 1446 1845 atque
1494 1789 1540 1831 in
1587 1787 1652 1831 his
1693 1804 1814 1841 eum,
1859 1786 2023 1846 quiid
2073 1789 2115 1831 S.
2163 1788 2208 1832 C.
2258 1788 2566 1844 perscripserat.
2633 1789 2683 1831 Et
2720 1788 2856 1831 hostes

253 1850 428 1908 quidem
489 1849 618 1892 victos
666 1856 707 1891 et
755 1850 1027 1907 interemptos
1077 1851 1203 1893 etiam
1261 1850 1544 1906 crudelissime
1595 1852 1803 1895 tractavit.
1869 1852 1989 1909 Nigri
2038 1857 2168 1908 caput
2214 1851 2299 1908 pilo
2345 1851 2606 1893 circumtulit
2661 1849 2718 1908 (c.
2763 1849 2855 1909 9.):

254 1912 420 1965 Albini,
485 1926 618 1970 paene
663 1912 906 1965 seminecis,
967 1920 1097 1970 caput
1144 1913 1333 1957 abscindi
1381 1913 1524 1967 iussit,
1569 1915 1836 1973 Romamque
1886 1914 2066 1966 deferri,
2115 1912 2244 1971 idque
2291 1914 2418 1955 literis
2468 1920 2715 1970 prosecutus
2762 1921 2851 1965 est3

252 1976 467 2035 reliquum
515 1982 659 2018 autem
702 1975 881 2018 cadaver
931 1978 1020 2019 eius
1066 1984 1164 2019 ante
1213 1977 1386 2019 domum
1436 1978 1651 2036 propriam
1698 1978 1849 2035 exponi
1892 1991 1943 2019 ac
1988 1977 2119 2019 dividi
2164 1978 2279 2019 iussit
2331 1975 2388 2035 (e.
2436 1975 2545 2033 11.).
2626 1976 2708 2019 Sed
2755 1985 2858 2019 teste

254 2039 403 2082 eodem
465 2038 587 2081 Aelio
651 2039 790 2095 Spart.
850 2053 887 2081 c.
947 2041 974 2080 8
1034 2046 1075 2081 et
1136 2042 1182 2082 9.
1246 2042 1424 2082 Severus
1480 2041 1608 2082 etiam
1661 2042 1818 2082 amicos
1862 2041 2015 2083 Iuliani
2061 2042 2270 2081 incusatos
2319 2040 2611 2095 proscriptioni
2658 2054 2708 2081 ac
2760 2042 2855 2081 neci

257 2102 401 2154 dedit,
449 2109 491 2145 et
533 2102 576 2144 in
624 2102 779 2144 multos
822 2101 1141 2155 animadvertit,
1190 2110 1356 2160 praeter
1394 2102 1586 2146 ordinem
1628 2105 1912 2156 senatorium,
1963 2104 2038 2162 qui
2079 2104 2259 2160 Nigrum
2303 2103 2471 2145 fuerant
2511 2103 2667 2154 secuti,
2703 2118 2858 2161 eosque

255 2174 463 2210 senatores
509 2164 692 2217 occidit,
744 2165 820 2224 qui
872 2179 970 2206 cum
1010 2167 1142 2224 Nigro
1188 2167 1473 2209 militaverant
1517 2167 1678 2209 ducum
1726 2169 1792 2209 vel
1842 2168 2113 2210 tribunorum
2149 2167 2332 2207 nomine.
2398 2165 2543 2207 Albini
2584 2173 2727 2207 autem
2763 2183 2859 2224 par-

254 2232 363 2271 tium
411 2229 643 2269 innumeris
691 2229 948 2279 interfectis,
998 2230 1109 2269 iuter
1151 2244 1257 2286 quos
1303 2231 1425 2270 multi
1474 2232 1684 2285 principes
1735 2231 1934 2281 civitatis,
1986 2230 2145 2271 multae
2200 2231 2381 2270 feminae
2424 2229 2606 2269 illustres
2652 2231 2856 2279 suerunt,

255 2293 442 2333 omnium
507 2289 618 2333 bona
679 2288 934 2345 publicavit:
1001 2291 1361 2348 Hispanorumque
1428 2298 1470 2333 et
1531 2292 1750 2334 Gallorum
1811 2306 2002 2348 proceres
2046 2292 2199 2333 multos
2244 2290 2400 2332 occidit
2455 2290 2510 2346 (c.
2564 2289 2674 2345 12).
2743 2292 2852 2333 'i'um

221 2366 451 2412 ‚quoque‚
502 2358 548 2394 ut
593 2351 772 2408 legimus
818 2349 925 2395 ibid.
971 2366 1011 2395 c.
1060 2354 1130 2396 13.
1187 2352 1345 2395 occidit
1388 2352 1479 2397 ¹sine
1527 2368 1678 2397 causae
1722 2353 1910 2397 dictione
1955 2353 2031 2397 hos
2064 2353 2223 2396 nobiles
2254 2378 2318 2385 —
2350 2366 2526 2396 numero
2559 2353 2667 2396 XLI.
2705 2368 2856 2410 quam-

255 2429 385 2474 quam
434 2416 514 2457 Dio
554 2413 711 2457 Cassius
751 2415 798 2456 L.
845 2414 1013 2459 LXXV.
1058 2428 1097 2458 c.
1132 2417 1176 2458 8.
1211 2430 1255 2472 p.
1291 2417 1400 2460 853.
1434 2417 1485 2459 D.
1522 2430 1747 2459 numerum
1781 2418 1969 2459 nominat
2001 2415 2295 2459 tantummodo
2327 2414 2459 2457 ἐννέα
2489 2418 2560 2455 καὶ
2599 2415 2761 2456 εἴκοσιν
2793 2439 2855 2448 —-

256 2479 508 2522 mummium
572 2476 893 2527 Secundinum,
959 2477 1156 2520 Asellium
1216 2478 1524 2529 Claudianum,
1574 2480 1799 2522 Claudium
1858 2481 2051 2530 Rufum,
2114 2480 2313 2524 Vitalium
2364 2479 2608 2529 Victorem,
2677 2479 2854 2535 Papium

255 2542 481 2592 Faustum,
541 2538 708 2582 Aelium
757 2540 949 2591 Celsum,
1013 2540 1170 2583 Iulium
1213 2541 1403 2594 Rufum,
1454 2542 1633 2584 Lollium
1685 2544 1947 2594 Professum,
1997 2542 2338 2586 Aurunculeium
2383 2541 2708 2592 Cornelianum,
2758 2543 2851 2584 An-

258 2605 450 2647 toninum
507 2601 711 2656 Balbum,
776 2601 1070 2645 Postbumium
1126 2604 1357 2656 Severum,
1408 2605 1604 2662 Sergium
1655 2605 1914 2657 Lustralem,
1965 2604 2141 2648 Fabium
2188 2604 2435 2655 Paulinum,
2487 2604 2669 2646 Nouium
2721 2604 2854 2646 Grac-

258 2666 412 2718 chum,
475 2666 673 2708 Mustium
736 2665 993 2718 Fabianum,
1053 2666 1294 2724 Casperium
1352 2667 1659 2724 Agrippinum,
1708 2667 1927 2710 Ceionium
1972 2668 2206 2717 Albinum,
2255 2665 2480 2708 Claudium
2529 2667 2852 2722 Sulpicianum,

255 2719 501 2773 Memmium
570 2727 803 2779 Rufinum,
870 2728 1110 2786 Casperium
1167 2730 1477 2780 Aemilianum,
1528 2730 1753 2772 Cocceium
1802 2730 1987 2781 Verum,
2038 2730 2242 2772 Erucium
2281 2729 2475 2779 Clarum,
2527 2729 2572 2771 L.
2618 2730 2852 2782 Stilonem,

256 2792 453 2836 Clodium
501 2791 694 2841 Rufum,
744 2791 1044 2848 Egnatuleium
1102 2793 1392 2843 Honoratum,
1442 2794 1685 2835 Petronium
1732 2793 1974 2835 Iuniorem:
2025 2793 2297 2842 Pescennios,
2349 2792 2516 2832 Festum
2571 2799 2612 2832 et
2665 2794 2853 2834 Neratia-

256 2869 360 2900 num
423 2861 466 2897 et
522 2853 828 2905 Aurelianum,
879 2861 921 2895 et
968 2853 1242 2897 Materianum
1293 2861 1333 2896 et
1381 2855 1623 2906 Iulianum,
1674 2863 1715 2897 et
1768 2855 1998 2898 Albinum:
2047 2854 2272 2905 Cerellios,
2322 2854 2553 2895 Macrinum
2600 2860 2641 2895 et
2693 2855 2853 2897 Fausti-

256 2918 432 2963 nianum
481 2921 522 2960 et
566 2914 806 2962 Iulianum:
855 2916 1114 2961 Herennium
1162 2917 1394 2975 Nepotem,
1446 2916 1676 2976 Sulpitium
1720 2917 1910 2970 Canum,
1962 2917 2174 2964 Valerium
2218 2916 2489 2969 Catulinum,
2538 2916 2720 2961 Novium
2756 2919 2852 2962 Ru—

255 2982 374 3033 fum,
425 2978 649 3024 Claudium
695 2979 989 3033 Arabianum,
1040 2981 1230 3024 Marcum
1278 2981 1548 3024 Asellionem.
1613 2982 1774 3024 Horum
1817 2983 1948 3039 igitur
1997 2988 2210 3024 tantorum
2255 2994 2305 3022 ac
2351 2987 2436 3021 tam
2485 2980 2706 3023 illustrium
2745 2983 2854 3024 viro-

255 3058 350 3087 rum
400 3043 483 3085 fuit
531 3042 803 3089 interfector.
856 3044 900 3083 in
949 3043 1106 3100 quibus
1156 3044 1278 3085 multi
1327 3045 1589 3095 consulares,
1640 3045 1764 3086 multi
1814 3045 2043 3101 praetorii,
2094 3057 2237 3085 omnes
2270 3049 2383 3084 certe
2418 3044 2572 3083 summi
2607 3045 2684 3085 viri
2719 3045 2853 3087 suere.

256 3096 450 3149 Cincium
515 3105 715 3148 Severum
777 3103 1056 3149 calumniatus
1113 3113 1174 3148 est
1232 3105 1346 3163 quod
1408 3121 1449 3149 se
1501 3121 1662 3149 veneno
1719 3108 1965 3163 appetisset,
2026 3113 2155 3164 atque
2212 3106 2269 3146 ita
2288 3093 2547 3147 “interfecit.
2615 3107 2852 3149 Narcissum

256 3167 438 3218 deiude,
497 3166 716 3209 Commodi
754 3168 1133 3224 strangulatorem,
1183 3168 1377 3211 leonibus
1425 3169 1595 3211 obiecit.
1661 3169 1810 3211 Multos
1857 3176 2069 3225 praeterea
2115 3168 2279 3210 obscuri
2330 3167 2410 3209 loci
2454 3166 2647 3210 homines
2692 3171 2855 3212 intere-

253 3231 357 3283 mit,
409 3236 574 3286 praeter
622 3244 691 3272 eos
736 3244 840 3286 quos
887 3232 950 3272 ius
997 3230 1147 3287 proelii
1195 3231 1441 3288 absumpsit.
1506 3232 1736 3289 Hucusque
1780 3231 1921 3275 Aelius
1968 3232 2225 3287 Spartianus.
2292 3230 2387 3272 Alia
2433 3233 2560 3273 etiam
2596 3231 2856 3275 crudelitatis

257 3292 449 3351 exempla
509 3297 714 3334 memorat
761 3291 837 3333 Dio
877 3291 1063 3346 Cassius;
1115 3299 1194 3334 ut:
1245 3292 1298 3334 de
1342 3293 1454 3335 Iulio
1499 3294 1679 3345 Solone,
1729 3294 1806 3351 qui
1853 3293 1962 3335 iussu
2012 3293 2278 3350 Imperatoris
2326 3292 2461 3345 illud,
2512 3293 2565 3335 de
2610 3309 2697 3353 quo
2743 3295 2855 3337 dixi—

255 3370 376 3408 mus,
439 3355 484 3396 S.
534 3354 579 3397 C.
630 3352 982 3412 perscripserat,''
1016 3355 1063 3398 L.
1110 3355 1300 3400 LXXIV.
1352 3369 1390 3399 c.
1434 3358 1477 3397 2.
1527 3370 1569 3413 p.
1624 3357 1731 3398 840.
1781 3357 1830 3399 Β.
1881 3355 1934 3398 de
1981 3355 2238 3398 senatoribus
2286 3356 2434 3413 populi
2484 3358 2698 3409 Romani,
2751 3373 2855 3416 quos

255 3419 375 3462 bouis
437 3417 551 3461 exuit
615 3424 689 3459 aut
748 3418 792 3459 in
848 3418 1003 3460 insulas
1053 3418 1284 3476 relegavit,
1332 3419 1377 3461 L.
1424 3419 1614 3464 LXXIV.
1665 3432 1704 3462 c.
1756 3420 1799 3463 8.
1846 3434 1890 3476 p.
1945 3421 2052 3463 844.
2103 3419 2153 3462 B.
2204 3418 2258 3461 de
2308 3419 2419 3461 Iulio
2461 3420 2633 3477 Crispo,
2685 3421 2857 3464 tribuno

252 3482 616 3540 praetorianorum
661 3480 870 3531 militum,
919 3487 961 3521 et
1010 3481 1162 3531 Laeto,
1211 3481 1256 3522 L.
1303 3481 1471 3527 LXXV.
1519 3494 1559 3524 c.
1614 3483 1686 3525 10.
1720 3495 1762 3539 p.
1796 3483 1903 3525 854.
1935 3482 1985 3526 E.
2050 3483 2246 3537 Quorum
2279 3483 2470 3524 omnium
2505 3485 2711 3526 scelerum
2749 3499 2854 3526 ava-

248 3545 385 3587 ritiam
421 3557 549 3586 uuam
580 3542 702 3584 fuisse
734 3555 902 3584 causam
933 3541 1162 3585 arbitratur
1194 3542 1455 3586 Herodianus
1487 3544 1532 3587 L.
1567 3544 1648 3588 111.
1683 3557 1724 3588 c.
1758 3545 1803 3588 8.

2660 3674 2684 3715 7
