3442 4094
1962 138 2032 186 24

759 261 827 320 5.)
881 262 1077 307 Tertium
1127 270 1215 306 erat
1264 263 1476 311 Poema.
1525 262 1641 319 quod
1661 291 1676 313 ‚
1711 275 1798 319 quo
1830 269 2029 317 tempore
2052 262 2203 304 Cicero
2233 260 2425 303 Atticum
2457 262 2634 307 iusserat
2663 274 2904 325 exspectare
2935 263 3070 322 illud,
3104 266 3294 312 nondum

697 324 868 368 ridetur
915 327 1040 368 fuisse
1088 331 1297 382 paratum.
1378 321 1426 365 ld
1460 329 1620 374 *tamen
1660 323 1767 382 quin
1810 320 2012 381 deinceps
2059 322 2188 367 suerit
2238 330 2465 380 paratum,
2513 338 2787 383 nequaquam
2833 331 2930 372 licet
2959 331 3167 374 dubitare.
3239 332 3300 373 Ex

699 403 752 430 eo
816 390 932 430 enim
989 393 1181 442 poemate
1233 399 1372 426 versus
1430 392 1652 438 supersunt
1712 385 1951 429 Lxxvm.
2009 386 2152 427 inserti
2209 384 2319 430 libro
2365 385 2402 430 Ι.
2450 384 2502 430 do
2547 385 2816 434 Divinatione
2865 405 2904 435 c.
2959 393 3033 438 11.
3082 410 3176 451 sqq.
3226 391 3300 436 ubi

701 449 759 506 Q.
812 450 984 495 Frater:
1033 444 1121 491 Sed
1148 462 1236 505 quo
1260 446 1424 503 potius
1455 454 1591 498 utar,
1626 448 1790 504 inquit.
1822 456 1908 489 aue
1939 456 2153 499 auctore,
2188 455 2274 490 aue
2306 456 2447 500 esses,
2481 462 2621 508 quam
2654 449 2732 491 te?
2778 452 2915 495 ouius
2946 452 3118 499 edidici
3155 456 3299 500 etiam

705 526 892 566 versus,
927 516 970 553 et
1005 508 1200 552 libenter
1230 506 1443 569 quidem,
1477 524 1589 568 quos
1622 509 1676 553 ὄπ
1707 508 1897 555 seeundo
1927 508 1980 553 de
2014 510 2270 554 Consulatu
2303 510 2489 555 Urania
2521 510 2660 554 Musa
2686 515 2942 569 postumia!
2961 531 2978 556 .·

1271 570 1525 630 Prs'ncr'pr’o
1555 571 1761 616 aetherio
1777 570 2064 631 flammatus
2096 572 2317 631 Iuppiter
2349 575 2459 632 igni

1277 633 1506 679 Vertitur
1537 643 1622 678 cet.

769 695 967 740 Eiusdem
1002 698 1195 739 meminit
1226 698 1396 739 Servius
1427 698 1482 740 ad
1517 698 1667 755 virgil.
1703 698 1793 745 Ecl.
1828 697 1950 743 V111.
1990 698 2094 743 106.
2146 696 2256 744 Sine
2286 699 2396 758 igne
2428 698 2583 744 subito
2614 714 2669 742 sar
2700 699 2822 756 ipsis
2847 700 3086 747 cineribus
3102 702 3309 762 flamma

705 761 914 805 emersit.
979 759 1073 802 Hoc
1115 762 1257 804 uxori
1306 760 1541 805 Ciceronis
1572 760 1754 808 dicitur
1783 761 2060 822 contigisse.-
2093 777 2236 822 quum
2261 769 2370 822 post
2396 770 2641 821 peractum
2672 760 2960 821 sacrificium
2993 763 3144 808 libare
3174 768 3309 811 vellet

709 826 765 868 in
794 826 1014 874 cinerem,
1049 840 1103 865 esc
1134 826 1238 887 ipso
1267 826 1418 871 cinere
1433 824 1640 883 flamma
1671 826 1910 876 surrexit,
1945 839 2060 884 quae
2076 824 2284 884 flamma
2316 824 2464 872 eodem
2496 840 2615 870 anm>
2641 825 2880 878 Consulem
2900 823 3131 884 futurum
3163 836 3309 878 ostem

712 886 785 931 dit
817 888 917 930 siue
948 886 1181 933 maritum
1201 903 1217 927 .-
1266 887 1392 928 ss‘cut
1423 887 1580 932 Cicero
1611 889 1665 932 in
1695 902 1778 929 suo
1810 894 2015 934 testatur
2048 888 2278 932 Pos'mots.
2355 888 2524 945 Quibus
2571 888 2744 932 testibus
2793 902 2908 933 nunc
2956 903 3088 933 novus
3132 890 3309 936 accedat

709 951 821 993 testis
868 948 1119 993 Scholiastes
1165 947 1466 993 Ambrosianus
1515 949 1568 992 ad
1619 951 1889 998 Plancianum
1940 964 1980 995 c.
2031 952 2105 993 30.
2141 965 2184 1008 p.
2233 952 2340 1002 267.
2386 950 2472 993 Oa.
2536 949 2792 1009 §affecerat
2839 953 2961 995 enim
3005 950 3058 995 de
3104 967 3154 995 ea
3204 955 3347 1001 oraq'

714 1014 836 1054 tione
885 1010 1092 1063 dia-isse,
1142 1026 1235 1077 qua
1282 1010 1354 1053 vel
1401 1014 1587 1058 senatui
1632 1012 1704 1055 vel
1743 1011 1916 1071 populo
1959 1014 2157 1072 gratias
2202 1014 2316 1072 egit.
2380 1009 2517 1056 Nunc
2560 1021 2715 1056 autem
2763 1022 2808 1056 et
2855 1014 2907 1057 de
2955 1015 3162 1059 versibus
3208 1019 3311 1059 suis

703 1075 867 1133 facere
916 1076 1188 1118 mentionem
1234 1072 1446 1125 videtur,
1498 1091 1610 1138 quos
1658 1077 2032 1132 intempestivum
2078 1078 2147 1118 sit
2191 1077 2244 1117 in
2291 1074 2514 1123 iudiciali
2558 1074 2888 1119 dissertatione
2933 1079 3146 1126 recitare.
3208 1076 3314 1125 Non

706 1139 867 1195 potuit
917 1145 1069 1189 tamen
1118 1138 1172 1179 in
1220 1143 1368 1178 totum
1414 1136 1466 1178 de
1514 1139 1581 1178 iis
1623 1145 1785 1179 tacere.
1849 1134 1976 1187 Nam
2023 1136 2075 1178 de
2125 1137 2379 1184 Consulatu
2423 1151 2506 1187 suo
2553 1137 2748 1197 scripsit
2774 1139 2953 1197 poetico
2986 1146 3161 1191 metro,
3197 1156 3310 1199 quae

715 1200 839 1243 milii
870 1198 1089 1242 videntur
1122 1212 1257 1256 opera
1290 1199 1449 1243 minus
1480 1197 1630 1259 digna
1662 1198 1780 1248 talis
1812 1200 1913 1241 viri
1942 1201 2138 1243 nomine.
3293 1195 3297 1199 ’

780 1264 831 1306 Et
879 1262 1048 1305 videtur
1093 1261 1270 1322 quidem
1316 1261 1461 1306 Cicero
1506 1267 1657 1325 poema
1703 1260 1807 1310 illud
1861 1260 2017 1313 tribus,
2064 1269 2110 1310 ut
2164 1262 2418 1321 opinantur,
2470 1260 2648 1305 divisum
2701 1262 2847 1314 libris,
2881 1265 2974 1308 iam.
3015 1264 3164 1308 eodem
3213 1269 3312 1322 illo,

715 1344 801 1386 quo
863 1324 1133 1382 promiserat,
1198 1339 1308 1366 anno
1356 1326 1463 1369 694.
1516 1325 1763 1373 absolvisse,
1810 1324 1853 1368 id
1900 1330 1960 1368 est
2010 1323 2176 1374 duobus
2219 1326 2336 1371 annis
2380 1331 2478 1371 ante
2523 1325 2712 1370 exsilium
2761 1341 2915 1378 suum,
2966 1328 2999 1368 si
3045 1328 3221 1384 quidem
3268 1324 3313 1374 in

716 1391 886 1447 epistola
944 1389 998 1430 ad
1047 1390 1239 1430 Atticum
1302 1389 1349 1431 L.
1393 1389 1451 1429 11.
1499 1391 1544 1429 3.
1598 1391 1640 1429 3.
1687 1389 1839 1444 scripta
1887 1401 2027 1430 mense
2073 1387 2297 1432 Decembri
2347 1388 2437 1433 eius
2484 1387 2608 1439 anni,
2660 1387 2766 1435 haec
2815 1387 3043 1445 leguntur:
3110 1387 3199 1433 Sed
3244 1406 3313 1433 me

722 1449 955 1499 καιακλεὶς
989 1466 1089 1495 mea
1119 1449 1212 1492 illa
1244 1458 1512 1500 commovet,
1546 1466 1660 1508 quae
1689 1458 1756 1492 est
1791 1451 1843 1492 in
1877 1450 2001 1492 libro
2042 1450 2144 1493 III.
2211 1451 2426 1493 Interea
2472 1464 2662 1494 cursus
2707 1458 2791 1494 cet.
2857 1449 2979 1504 Haec
3023 1451 3147 1495 milui
3175 1469 3317 1511 quum

719 1518 769 1558 in
818 1529 865 1556 eo
917 1512 1065 1565 libro,
1117 1514 1170 1555 in
1220 1528 1308 1570 quo
1354 1512 1507 1555 multa
1557 1521 1665 1555 sunt
1711 1514 1893 1569 scripta
1941 1513 2337 1567 ἀριστοκρατικῶς,
2389 1512 2596 1570 Calliope
2643 1515 2750 1571 ipsa
2784 1515 3179 1572 spraeswipserie,
3229 1531 3317 1574 non

719 1580 884 1636 opinor
923 1592 1015 1619 esse
1056 1574 1391 1627 dubitandum,
1435 1576 1551 1635 quin
1590 1591 1766 1632 semper
1802 1574 1933 1617 nobis
1966 1574 2181 1630 videatur
2212 1571 2293 1622 Εἴ,-
2329 1576 2482 1623 οϊωνὸς
2511 1577 2687 1629 ἄριστος
2723 1575 2969 1628 ἀμύνεσθαι
3003 1576 3101 1632 περὶ
3135 1581 3316 1636 πᾴτρης,

719 1644 770 1683 Ιιι
830 1640 981 1698 vulgus
1041 1646 1182 1681 autem
1241 1636 1404 1687 editum
1466 1645 1525 1681 est
1582 1645 1695 1681 certe
1755 1645 1853 1680 ante
1910 1638 2167 1689 initiumfa.
2226 1638 2333 1680 699.
2399 1637 2459 1680 Eo
2505 1638 2618 1680 enim
2666 1653 2779 1679 anno
2827 1638 2987 1692 Quinto
3031 1640 3167 1682 Fratri
3211 1640 3317 1683 haec

720 1705 928 1759 rescripsit
970 1702 1115 1745 Cicero
1162 1702 1209 1746 L.
1255 1701 1312 1743 11.
1360 1702 1403 1743 9.
1457 1703 1495 1751 1.
1567 1700 1699 1760 Quod
1741 1715 1810 1743 me
1856 1698 2068 1743 admones
2112 1698 2164 1742 de
2207 1706 2370 1742 nostra
2417 1697 2603 1744 Urania
2651 1698 2928 1758 suadesque,
2995 1708 3050 1745 ue
3098 1704 3317 1754 memins-

720 1769 817 1809 rae'm
865 1764 995 1808 Iovis
1043 1764 1324 1814 orationem,
1375 1778 1490 1827 quae
1538 1771 1605 1813 est
1650 1765 1702 1812 in
1747 1770 1948 1812 extremo
1997 1761 2085 1810 illo
2135 1761 2284 1805 libro.-
2327 1776 2409 1821 ego
2452 1777 2556 1806 vero
2586 1763 2780 1805 memini
2811 1770 2854 1805 et
2887 1762 2980 1806 illa
3011 1766 3166 1807 omnia
3198 1765 3321 1821 milii

719 1829 879 1887 magis
912 1828 1117 1883 scripsi,
1154 1841 1295 1893 quam
1326 1827 1506 1868 ceteris.

782 1895 843 1935 De
886 1895 1142 1947 argumento
1188 1887 1294 1930 haec
1341 1887 1528 1944 disputat
1573 1888 1809 1937 Heusdius:
1875 1888 2050 1944 »Opus,
2097 1887 2212 1944 quod
2260 1888 2408 1930 Cicero
2456 1886 2640 1930 versibus
2685 1888 2839 1934 Latinis
2885 1888 2938 1931 de
2966 1889 3192 1932 Consulatu
3243 1904 3319 1935 suo

716 1954 911 2010 scripsit,
961 1953 992 1994 si
1042 1951 1129 1993 eius
1176 1951 1379 1992 rationem
1427 1964 1449 1997 e
1497 1949 1688 2008 dispersis
1737 1950 1985 2008 fragmentis
2031 1951 2250 1997 aestimare
2296 1950 2421 2001 licet,
2475 1948 2877 2006 magnificentissimi
2925 1952 3154 2007 spectaculi
3208 1960 3322 1996 retu·

718 2019 811 2059 lisse
852 2016 1037 2072 speciem
1085 2012 1265 2055 videtur.
1333 2014 1527 2065 Etenim,
1576 2014 1609 2061 si
1653 2014 1746 2073 quis
1796 2013 1865 2061 hic
1907 2010 2156 2061 conceditur
2197 2013 2467 2070 coniecturae
2512 2011 2653 2066 locus,
2703 2026 2788 2056 non
2837 2013 3029 2071 ineptum
3074 2021 3135 2057 est
3182 2016 3322 2071 suspi-

720 2079 836 2131 cari,
886 2078 1134 2126 Ciceronem
1179 2091 1369 2118 exorsum
1419 2077 1473 2117 ab
1522 2091 1572 2120 eo
1621 2076 1763 2121 divino
1812 2076 2035 2135 prodigio,
2086 2075 2203 2136 quod
2251 2077 2447 2120 litaturae
2492 2082 2584 2134 post
2638 2074 2888 2122 sacrificium
2937 2076 3154 2121 Terentiae
3203 2080 3324 2131 uxori

722 2140 995 2188 Consulatum
1053 2141 1197 2183 mariti
1253 2139 1530 2199 portendisset
1581 2139 1768 2196 [Servius
1810 2140 1862 2181 ad
1911 2139 2064 2196 virgil.
2115 2140 2205 2191 Ecl.
2253 2140 2376 2182 V111.
2427 2137 2577 2195 106.],
2628 2137 2792 2182 finxisse
2840 2153 2882 2182 se
2927 2153 2950 2182 a
3000 2139 3098 2181 Iove
3145 2140 3232 2197 ipso
3278 2140 3323 2199 in

723 2205 901 2247 deorum
952 2202 1185 2245 concilium
1230 2199 1486 2253 advocatum
1537 2199 1762 2259 [Quinctil.
1808 2202 1855 2245 L.
1899 2201 1977 2247 xl.
2029 2214 2069 2244 c.
2122 2202 2161 2247 1.
2205 2198 2330 2260 24.];
2377 2200 2420 2243 in
2468 2215 2600 2258 quem
2644 2199 2834 2244 divinum
2880 2208 3050 2254 coetum
3092 2200 3320 2261 admissus,

723 2270 799 2325 qui
860 2264 1104 2307 considebat
1161 2266 1207 2305 in
1256 2263 1468 2321 Olympo,
1519 2263 1732 2308 exaudivit
1781 2278 1805 2309 a
1850 2270 1968 2320 patre
2014 2262 2198 2305 Deorum
2246 2269 2286 2305 et
2337 2260 2585 2314 hominum,
2635 2276 2745 2320 quae
2793 2270 2926 2305 essent
2971 2262 3084 2311 brevi
3134 2261 3323 2320 tempore

725 2335 952 2378 eventura,
1015 2340 1206 2384 quasque
1261 2326 1442 2373 rationes
1503 2333 1717 2383 oporteret
1763 2326 1859 2371 iniri
1914 2324 2017 2384 [Cic.
2070 2324 2121 2367 ad
2173 2325 2225 2379 Q.
2274 2325 2326 2369 fr.
2378 2325 2423 2368 L.
2474 2324 2533 2369 ΙΙ.
2584 2325 2629 2368 9.
2684 2323 2771 2385 1.];
2821 2325 2988 2382 accepit
3036 2325 3091 2371 ab
3138 2326 3323 2376 Urania,

723 2392 881 2452 quibus
928 2391 997 2433 illa
1049 2387 1253 2446 prodigiis
1303 2389 1595 2436 nuntiarentur
1649 2388 1719 2445 [de
1766 2389 1948 2430 Divinat.
2000 2388 2045 2429 Ι..
2096 2388 2128 2429 t.
2174 2399 2216 2429 c.
2267 2385 2385 2447 11.],
2436 2385 2817 2446 admonitusque-a
2849 2387 3036 2447 Minerva
3083 2394 3165 2440 est,
3215 2402 3326 2447 quae

723 2468 821 2498 eum
882 2465 1027 2496 omnes
1087 2458 1195 2493 artes
1256 2448 1490 2503 edocuisset
1553 2448 1778 2507 [Quinctil.
1828 2451 1859 2498 l.
1911 2448 1998 2508 c.]‚
2065 2457 2113 2491 ut
2175 2464 2322 2494 earum
2376 2449 2539 2492 fructus
2585 2448 2637 2491 ad
2687 2463 2896 2497 summam
2945 2451 3100 2494 civium
3148 2451 3327 2497 salutem

725 2517 955 2560 conferret.
1021 2515 1135 2556 Haec
1182 2513 1215 2555 si
1262 2512 1391 2556 fuerit
1441 2512 1624 2561 duorum
1678 2514 1866 2573 priorum
1914 2512 2116 2555 librorum
2160 2527 2348 2564 summa,
2399 2512 2443 2554 in
2470 2511 2615 2567 ‚tertio
2662 2512 2833 2558 fortasse
2875 2507 3091 2569 'Calliopen
3133 2513 3325 2565 induxit,

725 2578 923 2623 laudibus
984 2592 1047 2620 res
1091 2592 1183 2620 suas
1236 2583 1370 2633 gestas
1418 2584 1667 2628 ornantem,
1720 2578 1915 2640 vitaeque
1959 2590 2130 2619 cursum
2178 2577 2255 2633 ipsi
2303 2576 2431 2635 talem
2473 2572 2771 2632 exoptantem,
2822 2576 2955 2633 qualis
2999 2571 3328 2622 laudatissimum

727 2642 988 2684 consularem
1044 2642 1169 2682 unice
1220 2639 1391 2681 deceret
1448 2638 1517 2696 [ad
1563 2639 1653 2682 Att.
1699 2639 1745 2688 L,
1792 2639 1851 2680 11.
1898 2640 1942 2688 3.
1994 2636 2078 2696 3.].
2144 2638 2235 2679 Hoc
2279 2638 2413 2694 igitur
2461 2635 2683 2681 heroicum
2730 2650 2898 2680 carmen
2932 2638 3188 2695 tripartitum
3221 2638 3326 2690 fuit,

728 2712 768 2746 et
800 2704 854 2745 ad
886 2702 1149 2745 Graecorum
1183 2701 1428 2758 exemplum
1461 2702 1737 2765 compositum
1777 2698 1847 2763 [ad
1880 2701 1970 2745 Att.
2004 2699 2051 2744 L·
2084 2699 2121 2743 Ι.
2164 2700 2233 2743 19.
2275 2700 2348 2744 10.
2382 2698 2588 2754 Quinctil.
2621 2698 2651 2742 l.
2685 2696 2799 2757 c.].”

790 2824 889 2869 Cffr.
951 2824 1197 2875 Vossius,
1257 2823 1309 2865 de
1359 2825 1466 2877 Hist.
1512 2825 1601 2869 Lat.
1648 2825 1695 2872 L.
1740 2824 1777 2869 I.
1824 2838 1863 2866 c.
1918 2827 1991 2867 11.
2042 2830 2085 2866 et
2130 2823 2183 2866 de
2232 2823 2350 2867 Poet.
2396 2824 2488 2867 Lat.
2533 2837 2573 2867 c.
2625 2827 2664 2868 1.
2712 2838 2755 2879 p.
2798 2825 2904 2867 235.
2970 2793 3330 2881 Verburgius,

731 2905 775 2946 p.
831 2888 968 2929 4066.
1045 2885 1312 2934 Nobbius,
1349 2902 1391 2942 p.
1436 2889 1574 2929 1186.
1641 2887 1903 2945 Orellius,
1940 2899 1983 2941 p.
2013 2887 2123 2933 567.
2187 2885 2343 2938 Biihr,
2380 2886 2420 2949 §⁹
2453 2886 2529 2929 90.
2563 2885 2613 2929 Τ.
2646 2885 2683 2928 Ι.
2718 2900 2761 2943 p.
2795 2887 2902 2933 272.
2968 2886 3003 2932 Ι.
3049 2886 3101 2934 Δ.
3143 2886 3190 2931 C.
3233 2899 3331 2950 ran

732 2948 965 3003 Beusde,
1014 2948 1070 2990 Μ.
1105 2947 1266 2989 Tullius
1297 2947 1441 2990 Cicero
1474 2945 1782 3002 φιλοπλάτων,
1816 2963 1861 3012 p.
1897 2948 1955 2988 54
1989 2961 2051 3011 sq.
2113 2947 2115 2949 ’
2750 2947 2755 2953 ’

1776 3106 2295 3161 Fragmenta.

1914 3234 2038 3269 Lis.
2106 3234 2162 3287 II.v

807 3342 917 3412 (Cic.
953 3341 1005 3385 de
1034 3341 1255 3387 Divinae.
1289 3343 1344 3388 L.
1380 3341 1423 3387 I.
1457 3358 1493 3386 ο.
1533 3344 1732 3391 11-13.
1768 3344 1807 3401 ς.
1845 3345 2046 3392 17-22,
2080 3341 2211 3392 Lace.
2247 3341 2366 3387 Inst.
2401 3342 2510 3391 Dia.
2547 3343 2602 3393 L.
2634 3317 2738 3391 >HL
2772 3356 2807 3390 ο.
2847 3340 2939 3402 17.)

1415 3451 1629 3509 Principio
1661 3449 1849 3496 aetherio
1881 3451 2119 3496 flammatus
2150 3452 2341 3509 Iuppiter
2373 3452 2465 3508 igni

1416 3515 1634 3564 Vertitur,
1669 3520 1710 3557 et
1744 3521 1880 3558 totum
1913 3515 2129 3560 collustrat
2162 3515 2323 3559 lumine
2355 3512 2592 3567 mundum,

1414 3578 1643 3636 flenteque
1677 3578 1817 3620 divina
1851 3581 2015 3622 coelum
2049 3587 2265 3637 terrasque
2300 3578 2494 3636 petessit:

1415 3640 1537 3694 Quae
1569 3641 1738 3698 penitus
1769 3648 1851 3685 cet.
