3442 4094
1880 125 1950 174 32

1403 249 1443 303 ς.
1478 248 1524 291 8.
1587 248 1634 294 C.
1666 248 1836 291 Csssn
1868 247 2154 293 Ocumm
2186 247 2434 293 suemus.-

675 373 982 432 ‘Imperatorem
1027 371 1243 415 Caesarem
1292 371 1558 429 Augustum,
1607 386 1743 430 quum
1791 387 1955 416 summa
2007 387 2151 417 rerum
2199 371 2313 417 esset'
2352 375 2507 432 potitus
2551 382 2595 416 et
2644 382 2758 419 tanta
2792 379 2960 435 negotia
2992 378 3211 422 sustineret

615 436 751 485 solus,
798 434 1083 491 eloquentiam
1130 441 1173 476 et
1220 434 1358 476 studia
1395 434 1615 485 liberalia,
1665 436 1823 492 quibus
1863 436 1920 479 ab
1963 437 2137 479 ineunte
2197 444 2334 479 aetate
2388 436 2615 493 diligenter
2663 437 2945 489 incubuerat,
2997 425 3214 498 nunquam

617 500 742 538 etiam
788 495 1122 552 provectioribus
1167 496 1284 538 anuis
1329 490 1584 553 neglexisse,
1637 510 1701 538 res
1751 505 1812 539 est
1851 498 2078 541 notissima.
2144 498 2232 541 Nec
2262 499 2379 541 enim
2420 498 2713 541 tantummodo
2744 499 2789 540 in
2820 507 2992 551 senatu,
3028 510 3071 544 et
3098 499 3214 558 apud

608 559 851 614 populum,
916 565 959 601 et
995 558 1112 614 apud
1155 559 1307 600 milites
1355 573 1577 616 nunquam
1625 558 1793 601 locutus
1841 567 1903 602 est
1940 560 2017 602 nisi
2055 559 2252 604 meditata
2293 568 2337 603 et
2382 562 2615 617 composita
2663 561 2886 611 oratione,
2932 561 3006 604 sed
3054 564 3178 606 etism
3200 592 3212 612 .

608 618 728 675 *quod
780 626 872 661 tum
934 619 1108 663 aliunde
1156 621 1379 669 novimus,
1441 628 1534 662 tum
1597 634 1696 662 vero
1744 635 1933 678 expresse
1978 628 2122 664 narrat
2169 622 2391 664 Suetonius
2440 623 2484 665 in
2523 623 2609 664 eius
2654 622 2737 663 vita
2785 634 2827 663 c.
2874 622 2953 665 85.
3004 623 3216 679 Augustus

612 681 765 724 multa
786 714 798 733 ,
849 683 982 724 varii
1024 684 1242 740 generis,
1288 697 1434 740 prosa
1480 684 1688 725 oratione
1727 684 2004 740 composuit,
2054 697 2107 727 α
2149 682 2318 741 quibus
2360 683 2587 727 nonnulla
2633 684 2685 726 in
2709 690 2840 725 coetu
2856 681 3211 741 familiarium,

608 743 738 790 ‚velut
783 746 840 789 in
884 744 1157 796 auditorio,
1201 746 1456 787 recitavit.-
1498 747 1651 795 sicut,
1699 743 2018 802 ,Rescripta
2064 744 2252 789 Bruto
2291 745 2350 788 ds
2401 746 2634 790 Catone.-
2665 760 2780 804 quae
2813 745 3050 788 volumina
3072 761 3216 803 quum

613 807 715 855 iam
753 808 912 849 senior
959 823 1012 850 ex
1054 823 1230 867 magna
1266 815 1409 865 parte
1453 808 1668 867 legisset,
1702 807 1987 867 fatigatus,
2041 806 2224 851 Tiberio
2269 807 2477 851 tradidit
2529 807 2823 866 perlegenda.
2907 806 3047 850 leam·
3077 806 3214 852 Hor-

608 872 872 912 tationes
919 870 990 912 ad
1030 869 1501 927 philosophiam.-
1549 878 1592 912 et
1634 870 1800 928 aliqua
1844 870 1903 912 de
1955 869 2100 913 Vita
2162 868 2297 921 Sua,
2363 885 2502 928 quam
2551 869 2768 913 tredecim
2812 869 2982 921 libris,
3045 869 3216 912 Canta*

608 932 741 974 hrico
805 939 936 974 temes
994 932 1134 983 hello,
1194 947 1272 974 nec
1324 932 1487 984 ultra,
1535 936 1761 989 exposuit.
1827 932 2065 975 Poiiticam
2111 933 2386 975 summatim
2429 934 2618 990 attigit.
2689 932 2819 979 Unus
2864 932 2983 975 liber
3028 938 3183 974 exstat
3201 964 3213 982 ,

611 996 821 1050 script-us
871 994 928 1036 ab
977 1008 1024 1037 eo
1064 993 1351 1037 hexametris
1397 994 1633 1045 versibus,
1685 996 1819 1040 cuius
1864 1001 1907 1036 et
1955 1001 2314 1053 argumentum,
2346 1000 2391 1035 et
2425 994 2601 1036 titulus
2633 1002 2701 1036 est
2732 992 2967 1042 Sicilia.
3015 993 3214 1038 ·Eaestat

604 1056 763 1107 ulter,
806 1070 943 1113 aeque
989 1055 1225 1107 modicus,
1273 1056 1324 1102 E
1327 1058 1818 1114 pigrammatum,
1861 1070 1979 1114 ,quae
2010 1056 2121 1114 fers
2168 1063 2368 1113 tempore
2408 1055 2563 1099 balnei
2592 1055 2924 1114 meditabatur.
2993 1057 3213 1100 Praeterea

613 1120 735 1160 multi
785 1120 855 1158 alii
904 1119 1055 1173 passim
1105 1119 1220 1174 apud
1264 1120 1435 1161 Veteres
1478 1125 1766 1163 memorantur
1812 1118 1908 1163 libri
1959 1118 2014 1161 ab
2060 1120 2252 1174 Augusto
2299 1120 2471 1173 scripti;
2520 1133 2570 1159 ex
2616 1118 2772 1175 quibus
2821 1133 2933 1174 quae
2991 1126 3213 1175 supersunt

605 1182 857 1237 Fragmenta
905 1180 1085 1236 primum
1135 1180 1308 1236 collegit
1353 1180 1461 1222 Ian.
1495 1180 1817 1236 Rutgersius
1861 1181 1960 1224 Var.
2008 1180 2140 1223 Lectt.
2191 1180 2237 1222 L.
2271 1181 2331 1223 11.
2366 1195 2407 1236 p.
2451 1179 2535 1222 135
2570 1203 2633 1211 —-
2669 1181 2771 1222 180.
2807 1178 2960 1222 deinde
2992 1181 3064 1223 lo.
3096 1181 3209 1227 Alb.

607 1244 912 1295 Fabricius,
947 1242 1151 1300 Imperat.
1184 1242 1301 1288 Caes.
1335 1242 1518 1299 Augusti
1553 1249 1757 1299 temporr.
1793 1243 1996 1286 notation.
2032 1257 2165 1300 genus
2197 1248 2240 1284 et
2270 1243 2433 1299 scriptt.
2469 1243 2670 1300 fragmm.
2704 1241 2964 1301 Hansburg.
2989 1243 3123 1287 1728.
3145 1245 3209 1289 4⁰.

608 1308 703 1348 Post
750 1305 1022 1361 Rutgersium
1070 1312 1113 1347 et
1152 1305 1426 1355 Fabricium,
1469 1311 1606 1349 nostra
1647 1312 1783 1347 aetate
1821 1304 1967 1347 denuo
2009 1305 2140 1362 Aug.
2189 1305 2531 1350 Weicbertus
2578 1306 2722 1362 coepit
2772 1305 2897 1351 edero
2944 1305 3213 1362 Imperatoris

605 1369 788 1411 Caesaris
831 1368 1013 1424 Augusti
1060 1367 1252 1424 Operum
1296 1368 1543 1424 Reliquias,
1579 1365 1775 1415 Grimaae
1811 1368 1944 1413 1841.
1985 1369 2045 1409 4⁰.
2095 1366 2167 1415 sed
2213 1366 2340 1414 huius
2380 1368 2547 1424 egregii
2579 1367 2677 1413 libri
2721 1365 2866 1411 adbuc
2900 1367 3085 1423 primum
3118 1374 3211 1410 tan·

608 1430 831 1473 tummodo
876 1430 1127 1472 fasciculum
1177 1429 1399 1487 prodiisse,
1451 1436 1525 1470 aut
1571 1429 1718 1472 saltem
1756 1430 1799 1475 iu
1848 1428 1975 1478 hasce
2020 1437 2153 1475 terras
2193 1430 2399 1478 evolasse.
2440 1437 2501 1471 est
2532 1429 2650 1486 quod
2684 1442 2943 1485 magnopere
2976 1428 3207 1471 doleamus.

673 1494 757 1535 Nos
817 1499 959 1534 autem
1025 1505 1139 1533 nunc
1188 1491 1363 1549 quidem
1412 1492 1593 1550 reliquos
1637 1492 1820 1548 Augusti
1865 1491 1996 1546 lib-ros
2041 1492 2182 1538 missos
2225 1492 2429 1537 faciemus
2470 1498 2517 1537 ‚et
2564 1490 2867 1549 explicabimus
2917 1491 3211 1536 tantummodo

610 1570 722 1613 quae
772 1555 892 1597 nobis
933 1556 1209 1599 innotuerunt
1260 1553 1312 1600 de
1352 1553 1505 1609 libris,
1556 1567 1661 1610 quos
1711 1553 1765 1596 de
1813 1554 1912 1598 Vita
1962 1554 2049 1601 Sua
2087 1554 2299 1610 scripsisse
2358 1553 2539 1597 dicitur.

676 1620 728 1660 Et
772 1616 889 1675 quod
940 1617 995 1659 ad
1041 1631 1267 1663 numerum
1318 1615 1494 1673 quidem
1536 1615 1742 1658 librorum
1789 1617 1965 1665 attinet,
2012 1617 2216 1659 Suetonio
2264 1616 2496 1659 adsentitur
2539 1615 2717 1667 Suidas,
2760 1617 2881 1658 cuius
2927 1615 3032 1658 haec
3078 1623 3206 1660 sunt:

610 1678 874 1731 Αὔγουστος
908 1680 1083 1731 Καῖσαρ
1103 1709 1115 1729 ,
1148 1678 1175 1718 ὁ
1206 1678 1281 1719 καὶ
1315 1677 1544 1733 {effisos-dc
1578 1678 1652 1718 καὶ
1689 1674 2010 1725 Ὀκταουϊακὸς
2043 1675 2302 1731 ἐπικληθεὶς
2333 1678 2431 1732 περὶ
2467 1679 2542 1719 τοῦ
2578 1674 2693 1718 ἰδίου
2727 1677 2829 1732 βίου
2863 1677 2937 1718 καὶ
2973 1678 3061 1719 τῶν
3093 1681 3210 1732 πρά..

609 1742 724 1789 §saw
757 1738 913 1797 βιβλία
951 1738 1025 1790 ιγ’.
1059 1741 1119 1786 ita
1153 1747 1199 1781 ut
1231 1752 1408 1796 peccare
1445 1739 1635 1786 videatur
1664 1740 1936 1789 Torrentius,
1970 1740 2047 1796 qui
2067 1769 2081 1789 ,
2114 1740 2255 1784 nescio
2286 1741 2407 1781 cuins
2438 1737 2602 1781 Codicis
2632 1737 2760 1780 fidem
2791 1746 2958 1780 secutus
2977 1769 2989 1789 ,
3029 1740 3074 1780 in
3097 1740 3211 1781 Sue-

607 1804 725 1846 tonio
765 1817 843 1859 pro
886 1801 1032 1844 XIII.
1078 1804 1264 1858 reposuit
1307 1798 1456 1852 XXX.
1520 1799 1604 1848 Sed
1647 1801 1914 1843 Torrentium
1954 1801 2040 1842 iam
2075 1801 2233 1843 notavit
2264 1799 2563 1850 Casaubonus,
2598 1799 2751 1843 docens
2782 1813 2867 1841 nou
2895 1801 3019 1841 aliter
3052 1799 3209 1842 habere

607 1866 737 1907 libros
774 1872 936 1906 veteres
981 1877 1151 1912 omnes,
1198 1877 1283 1919 qua
1317 1865 1492 1917 scriptos
1522 1876 1608 1918 qua
1640 1862 1801 1912 editos,
1836 1875 1936 1904 cum
1968 1862 2101 1908 Suida
2133 1863 2455 1905 consentientes.

670 1928 801 1970 Porro
841 1940 865 1967 e
911 1923 1142 1971 Plutarcho
1182 1925 1375 1966 novimus
1403 1925 1648 1980 Augustum
1685 1922 1811 1971 bosco
1843 1922 2173 1968 Commentarios
2203 1923 2453 1979 inscripsisse
2480 1921 2650 1979 duobus
2680 1923 2824 1966 amicis
2851 1924 2961 1974 suis,
2996 1923 3208 1980 Agrippae

605 1997 647 2032 ct
696 1989 944 2036 Maecenati.
1010 1988 1093 2030 Hic
1136 1988 1247 2036 enim
1267 2019 1280 2038 ,
1330 1985 1405 2034 ubi
1448 1987 1493 2035 in
1526 1985 1721 2043 Compar.
1753 1984 1971 2036 Demostb.
2003 1999 2100 2033 cum
2129 1985 2265 2032 Cicer,
2295 2000 2339 2043 p.
2367 1986 2477 2030 887.
2511 1985 2561 2032 Β.
2598 1993 2797 2042 provocat
2829 1984 2883 2028 ad
2917 1986 3205 2033 testimonium

604 2053 786 2096 Caesaris
824 2052 873 2094 ἐν
907 2054 999 2100 τοῖς
1032 2050 1140 2105 πρὸς
1172 2047 1445 2104 Ἀγρίππαν
1479 2049 1552 2093 καὶ
1588 2050 1836 2101 Μμικήναν
1871 2047 2233 2103 Ὑπομνήμασιν,
2284 2049 2350 2091 vix
2400 2048 2516 2095 aliud
2547 2047 2761 2108 quoddam
2795 2048 2973 2105 Augusti
3003 2050 3208 2106 scriptum

604 2117 744 2171 potnit
791 2111 1030 2169 significare
1061 2126 1193 2170 quam
1235 2112 1565 2155 Commentarios
1609 2110 1663 2153 de
1703 2112 1831 2163 Vita3
1878 2125 1983 2168 quos
2023 2118 2065 2157 ,et
2104 2112 2191 2167 ipse
2219 2111 2322 2158 alibi
2353 2111 2515 2167 saepius
2547 2118 2589 2158 et
2615 2111 2833 2166 Appianus
2865 2119 2906 2153 et
2937 2113 3013 2158 Dio
3046 2110 3203 2154 Cassius

606 2179 770 2221 vocavit
801 2176 1139 2229 Ὑπομνήματα,

665 2240 751 2282 Sed
797 2240 842 2280 in
889 2239 1037 2295 ,primis
1081 2245 1313 2280 memoratu
1364 2238 1545 2294 dignum
1588 2246 1674 2289 est,
1728 2237 1844 2296 quod
1889 2238 1992 2280 dixit
2030 2239 2284 2288 Suetonius,
2342 2237 2584 2294 Augustum
2628 2238 2863 2293 exposuisse
2905 2237 3033 2279 vitam
3089 2250 3207 2280 suam

607 2301 887 2355 Cantabrico
937 2307 1069 2341 tenus
1113 2299 1255 2350 bello,
1300 2315 1377 2341 nec
1424 2299 1572 2342 ultra.
1638 2301 1697 2342 Ex
1744 2301 1902 2357 quibus
1942 2300 2078 2341 verbis
2119 2307 2294 2356 apparet
2332 2301 2574 2356 Augustum
2616 2298 2947 2355 in'exponendis
2977 2298 3100 2340 rebus
3125 2300 3207 2339 suis

601 2380 684 2406 non
749 2364 856 2410 ultra
916 2376 956 2403 a.
1021 2363 1127 2404 729.
1194 2364 1464 2417 processisse,
1513 2375 1631 2418 quo,
1680 2361 1949 2404 Consulatum
1997 2376 2176 2405 nonum·
2209 2376 2358 2418 gerens
2400 2375 2501 2403 cum
2549 2361 2603 2402 Μ.
2650 2360 2774 2403 Iunio
2817 2361 2991 2409 Silano,
3041 2374 3090 2401 ex
3124 2360 3201 2401 Hi-

600 2427 743 2483 spania
773 2425 911 2474 rediit,
942 2424 1149 2480 pictisque
1183 2423 1351 2465 duobus
1382 2424 1611 2466 fortissimis
1640 2424 1827 2480 populis,
1859 2423 2077 2467 Cantabris
2104 2431 2146 2465 et
2174 2423 2395 2467 Asturibus
2414 2455 2426 2473 ,
2460 2423 2552 2465 lani
2587 2422 2792 2478 templum
2820 2421 3006 2465 secundo
3040 2421 3203 2464 clausit.

672 2488 898 2532 Suetonius
940 2493 1085 2529 autem
1118 2486 1223 2544 quin
1252 2485 1333 2528 hoc
1368 2485 1499 2542 probe
1532 2487 1690 2529 novisse
1721 2486 1931 2543 potuerit,
1967 2499 2239 2544 nequaquam
2274 2486 2373 2533 licet
2406 2484 2633 2535 dubitare,
2677 2498 2813 2542 quum
2846 2485 2935 2528 sere
2967 2484 3019 2526 sit
3051 2484 3204 2526 certis-

597 2554 751 2602 simum
781 2552 888 2607 ipsos
916 2550 1096 2605 Augusti
1127 2548 1256 2592 libros
1286 2550 1324 2591 ei
1350 2549 1475 2590 fuisse
1504 2550 1713 2604 cognitos.
1780 2549 1864 2591 Etsi
1893 2551 2007 2591 enim
2041 2549 2271 2591 Suetonius
2299 2562 2508 2606 nusquam
2535 2561 2724 2604 expresse
2753 2553 2957 2592 memorat
2995 2554 3203 2603 quantum

600 2630 648 2656 ex
680 2615 807 2670 ipsius
837 2613 1016 2668 Augusti
1049 2611 1370 2659 Commentariis
1404 2611 1655 2666 profecerit,
1691 2612 1777 2652 veri
1809 2619 1952 2652 tamen
1986 2618 2047 2653 est
2079 2611 2367 2661 simillimum,
2402 2611 2529 2667 pleno
2561 2624 2631 2651 ore
2661 2610 2798 2665 ipsum
2833 2610 2876 2650 in
2900 2608 3207 2653 conscribenda

598 2679 682 2717 vita
729 2675 912 2730 Augusti
964 2687 1013 2722 ex
1063 2687 1113 2717 eo
1159 2674 1276 2720 sonte
1320 2672 1531 2720 hausisse:
1564 2673 1778 2729 facileque
1810 2672 1999 2719 adducor
2034 2681 2080 2714 ut
2113 2672 2293 2719 credam
2318 2672 2417 2717 inde
2450 2671 2598 2713 hausta
2632 2685 2716 2713 esse
2750 2670 2951 2728 pleraque
2984 2685 3063 2721 ea,
3096 2684 3207 2727 quae

595 2739 648 2779 ab
682 2739 772 2794 ipso
807 2742 1028 2777 narrantur
1059 2734 1205 2776 additis
1237 2734 1492 2777 dictionibus
1525 2736 1623 2791 ipse
1655 2733 1904 2793 Augustus
1936 2735 2105 2777 scribit
2124 2766 2137 2785 ,
2173 2735 2273 2791 ipss
2301 2733 2419 2776 dicit
2438 2766 2451 2786 ,
2483 2734 2588 2785 ait,
2617 2732 2835 2780 similibus,
2915 2731 3040 2779 Cuius
3086 2734 3202 2779 modi

595 2809 691 2843 sunt
724 2815 766 2842 se
802 2798 979 2841 nentia:

661 2878 700 2905 c.
737 2814 796 2905 2il
848 2859 938 2904 Sed
980 2858 1088 2908 haec
1133 2858 1241 2907 alii.
1308 2859 1413 2917 Ipse
1459 2858 1737 2918 Augustus,
1787 2860 1918 2903 nihil
1962 2860 2196 2918 amplius,
2241 2875 2382 2918 quam
2429 2860 2634 2917 equestri
2671 2856 2879 2915 familia
2923 2865 3077 2900 ortum
3126 2872 3198 2908 se,

596 2925 765 2967 scribit
784 2956 795 2975 ,
830 2931 977 2965 vetere
1004 2936 1060 2963 ac
1096 2920 1343 2977 locuplete,
1376 2930 1419 2963 et
1452 2924 1503 2963 in
1536 2937 1628 2979 qua
1656 2923 1848 2978 primus
1889 2930 2075 2964 senator
2100 2929 2242 2980 pater
2273 2936 2386 2969 suus
2407 2920 2584 2979 fuerit.

658 3002 697 3030 c.
735 2990 777 3028 7.
845 2983 934 3034 Sed
964 2991 1007 3033 et
1042 2998 1072 3024 a
1106 2982 1173 3026 M.
1210 2982 1445 3034 Antonio,
1497 2985 1550 3025 in
1581 2983 1828 3040 epistolis,
1875 2998 1957 3041 per
1989 2983 2345 3035 contumeliam,
2393 2998 2523 3041 saepe
2556 2981 2598 3027 T
2594 2982 2795 3027 laurinus
2827 2980 3129 3037 appellatur:
3162 2990 3206 3024 et

594 3052 693 3106 ipse
725 3047 855 3090 nihil
885 3044 1097 3110 amplius
1116 3078 1127 3093 ,
1162 3060 1305 3103 quam
1338 3046 1517 3088 mirari
1550 3060 1626 3096 se.
1661 3045 1913 3096 rescribit,
1941 3062 2032 3103 pro
2120 3045 2312 3104 probriu
2342 3061 2500 3093 nomen
2525 3047 2669 3103 prius
2701 3045 2796 3087 sibi
2826 3043 2982 3088 obiici.

654 3126 694 3154 c.
731 3112 807 3152 27.
874 3107 946 3159 Et
992 3107 1046 3166 Q.
1100 3105 1350 3157 Gallium,
1392 3114 1687 3164 praetorem,
1726 3109 1779 3149 in
1824 3106 1971 3167 officio
2019 3124 2071 3150 sa
2096 3109 2351 3160 utationis,
2388 3107 2586 3151 tabellas
2616 3106 2849 3164 duplices,
2884 3112 3002 3148 veste
3034 3114 3200 3160 tectas,

590 3180 845 3223 tenentem,
893 3172 1165 3235 suspicatus
1208 3169 1435 3229 gladium
1480 3169 1708 3216 occulere.-
1758 3184 1837 3218 nec
1884 3170 2140 3230 quidquam
2188 3172 2387 3220 statim,
2436 3186 2489 3212 nc
2537 3169 2675 3211 aliud
2705 3169 3026 3219 inveniretur,
3062 3185 3204 3215 ausus

592 3236 861 3294 inquirere,
906 3230 1054 3290 paulo
1095 3230 1234 3290 post,
1283 3245 1370 3290 per
1418 3232 1704 3281 centuriones
1755 3238 1798 3274 et
1846 3231 2029 3277 milites
2078 3240 2270 3291 raptum
2317 3249 2337 3275 e
2383 3231 2647 3284 tribunali,
2687 3228 2903 3272 servilem
2923 3231 2988 3289 *in
3020 3228 3205 3281 modum

589 3286 765 3340 torsit.-
814 3311 867 3339 ac
904 3294 1142 3353 fatentem
1171 3293 1341 3345 mihil,
1392 3295 1539 3336 iussit
1587 3294 1763 3345 occidi,
1809 3296 1955 3360 prius
2003 3296 2151 3338 oculis
2192 3298 2293 3338 eius
2339 3311 2426 3338 sua
2469 3309 2614 3337 manu
2645 3291 2859 3349 effossis.-
2892 3308 3023 3351 quem
3049 3302 3204 3336 tamen

587 3359 789 3410 scribit,
835 3357 1065 3415 colloquio
1102 3358 1280 3415 petito,
1333 3354 1620 3404 insidiatum
1669 3357 1791 3409 sihi,
1855 3360 2194 3417 coniectumque
2243 3374 2272 3401 a
2316 3373 2362 3400 se
2411 3359 2463 3399 in
2508 3355 2796 3408 custodiam,
2846 3354 3030 3408 deinde,
3089 3352 3208 3413 'urbe'

585 3421 845 3464 interdicta
864 3450 876 3468 ‚
909 3418 1195 3471 dimissum,
1228 3418 1523 3478 naufragio,
1559 3417 1631 3468 vel
1663 3419 1902 3468 latronum
1934 3420 2164 3472 insidiis,
2195 3422 2411 3478 periisse.
3187 3416 3189 3419 ’

647 3499 688 3526 c.
727 3485 803 3527 42.
870 3480 1052 3538 Magna
1100 3495 1205 3523 vero
1249 3481 1480 3539 quorpdam
1527 3480 1817 3533 sterilitate,
1867 3498 1920 3525 ac
1969 3482 2163 3543 difficili
2211 3481 2441 3532 remedio,
2493 3496 2636 3539 quum
2684 3480 2966 3526 venalicias.
3001 3487 3045 3521 et
3079 3480 3201 3523 lani-

584 3554 768 3592 starum
789 3542 1054 3603 familias,
1098 3545 1461 3603 peregrinosque
1493 3558 1671 3594 omnes,
1691 3546 1893 3601 exceptis
1929 3546 2120 3588 medicis
2153 3551 2197 3586 et
2229 3544 2602 3602 praeceptoribus
2621 3576 2634 3595 ,
2662 3550 2937 3600 partemque
2978 3544 3196 3586 servitio-

585 3611 723 3670 riam,
757 3607 871 3660 urbe
913 3605 1202 3669 expulisset.-
1250 3613 1304 3648 ut
1355 3604 1540 3649 tandem
1590 3619 1774 3649 annona
1824 3608 2093 3659 convaluit,
2145 3608 2421 3664 {mpetum
2463 3622 2515 3649 ss
2547 3607 2797 3662 cepisse,
2847 3600 3201 3667 scribit,fru·‘‚
