3442 4094
1838 101 1915 156 ω,

563 242 739 286 magna
798 242 903 269 cum
965 226 1268 269 multitudine
1325 225 1563 266 hominum
1602 224 1789 282 flumen
1843 223 2080 269 Rhenum.
2115 228 2427 277 transierunt,
2481 244 2571 272 non
2616 232 2747 292 longe
2803 246 2833 274 a
2877 234 3027 284 mari,
3078 248 3165 292 quo

566 289 753 334 Rhenus
813 288 992 349 influit.
1076 287 1226 332 Causa
1288 284 1564 328 transeundi
1599 284 1740 345 fuit,
1787 284 1907 344 quod
1952 285 2010 329 ab
2056 283 2218 332 Sueoie
2266 289 2523 345 complures
2572 308 2716 336 annae
2765 298 3002 354 exagitati
3049 295 3165 339 hetto

560 354 895 411 premebantur
953 358 997 392 et
1044 348 1352 407 agricultura
1398 347 1764 406 prohibebantur
1797 373 1823 382 -
1841 372 1868 382 -
1917 362 1955 392 c.
2004 351 2049 392 6.
2117 350 2288 395 Caesar
2342 351 2512 395 benum
2556 368 2662 396 casm
2709 354 2959 402 Germanis
3002 373 3165 418 gerare

572 418 819 460 constituit
848 436 920 447 --
967 426 1004 454 c.
1053 414 1096 455 7.
1177 410 1227 455 A
1277 410 1446 469 quibus
1498 426 1641 469 quum
1682 425 1943 468 paucorum
1990 411 2174 455 dierum
2218 415 2313 456 iter
2363 413 2558 465 abesset,
2614 415 2765 473 legati
2813 419 2870 460 ab
2915 420 2992 462 hie
3040 433 3181 472 vemt

574 487 688 521 runt
716 500 781 511 ο·
828 488 866 517 c.
920 476 992 516 11.
1077 473 1248 517 Caesar
1307 487 1449 531 quum
1512 473 1570 516 ab
1632 473 1758 515 hoste
1805 487 1895 515 non
1941 474 2150 531 amplius
2193 490 2421 533 passuum
2465 474 2575 520 XII
2615 477 2813 521 utilibus
2861 480 3060 536 alienet,
3106 483 3170 530 ad

574 557 674 586 eum
722 539 873 597 legati
919 544 1250 589 revertuntur,-
1299 538 1382 596 qui
1412 559 1438 568 -
1455 558 1481 567 ·
1509 536 1725 593 petebant
1752 559 1820 573 --
1861 536 1956 580 eibi
2002 539 2094 580 uti..
2119 546 2396 595 potestatem
2430 539 2640 598 faceret,
2690 542 2744 583 s’n
2802 540 2945 585 Ubios
2994 545 3171 603 legatos

571 601 790 645 mittendi
823 620 894 633 ·-
929 600 992 642 ad
1036 600 1121 641 has
1165 614 1240 642 ree
1283 599 1583 657 conficiendae
1628 599 1723 641 sihi
1772 598 1929 641 tridui
1974 601 2185 656 epatium
2223 600 2411 657 faceret
2443 626 2511 638 --
2551 615 2592 646 c.
2637 603 2707 645 12.
2774 600 2842 645 At
2876 604 3050 656 hostes,
3091 608 3174 651 ubi

567 667 783 719 primum
842 671 1026 703 nostroe
1089 664 1262 718 equites
1310 669 1665 716 conspexerunt,
1719 677 1913 716 quorum
1961 670 2064 702 erat
2112 665 2312 718 quinque
2358 666 2550 705 milium
2596 679 2840 713 numerus,
2888 681 3030 722 quum
3074 671 3174 725 ipen·
3237 672 3242 676 '

570 742 661 769 non
709 723 920 782 amplius
967 722 1131 768 DCCC
1171 723 1347 780 equites
1397 722 1611 766 haherent
1642 748 1711 758 -—
1741 721 1872 765 nihil
1917 722 2190 767 timentibus
2229 729 2433 777 nostrie,
2478 725 2597 783 quod
2643 726 2791 784 legati
2835 743 2991 770 eorum
3029 732 3174 784 paulo

572 795 680 833 ante
728 804 760 833 a
809 786 1003 832 Caesare
1048 784 1380 839 discesserant,
1432 793 1569 844 atque
1617 786 1662 829 is
1711 784 1809 830 dies
1855 784 2063 830 induciis
2110 793 2213 831 erat
2261 787 2320 832 ab
2367 789 2434 832 iia
2473 790 2682 847 petitus,
2730 789 2907 846 impetu
2939 788 3078 848 facto
3107 808 3172 835 ee-

575 853 740 894 leriter
787 858 971 891 nostroe
1014 849 1408 907 perturbaverunt
1438 876 1462 885 -
1479 875 1505 882 -
1550 861 1592 892 c.
1642 850 1714 891 13.
1782 848 1875 891 Hoc
1905 849 2041 907 facto
2087 849 2283 906 proelio,
2335 851 2508 896 Caesar
2539 866 2678 910 neque
2720 853 2822 894 iam
2865 852 2961 896 eihs·
2997 853 3174 913 legatos

574 914 850 963 audiendos,
913 927 1052 969 neque
1110 912 1392 953 conditiones
1437 910 1727 967 accipiendae
1772 911 2106 953 arbitrabatur
2153 912 2212 953 ab
2258 912 2361 965 hie,
2410 917 2494 971 qui
2534 929 2623 970 per
2667 913 2824 957 dolum
2872 924 3007 974 atque
3054 919 3174 959 imo·-

575 976 707 1028 dicu,
758 976 910 1033 petita
948 990 1086 1033 paee,
1133 973 1266 1017 ultro
1311 973 1480 1017 bellum
1529 973 1835 1025 intulissent5
1883 982 2141 1032 exspectare
2186 990 2315 1026 vero,
2366 974 2477 1018 dum
2528 976 2733 1021 hostium
2765 980 2920 1034 copiae
2952 994 3174 1039 augeren-

574 1048 658 1084 tur
704 1040 1028 1098 equitatusque
1071 1044 1405 1089 reverteretur,
1457 1052 1661 1080 summae
1706 1035 1957 1080 dementias
2000 1052 2092 1081 eus
2125 1037 2368 1083 iudicabat
2395 1063 2463 1077 --
2513 1037 2757 1082 Postridie
2784 1041 2884 1085 siue
2916 1040 3013 1085 diei
3045 1058 3175 1096 mane

575 1105 727 1147 eadem
778 1109 822 1144 et
857 1100 1064 1159 perfidia
1112 1108 1157 1143 at
1202 1101 1505 1143 simulatione
1545 1101 1625 1142 uei
1674 1097 1925 1153 Germani,
1965 1100 2263 1160 frequentes,
2316 1102 2524 1144 omnibus
2566 1102 2868 1159 principibu
2893 1105 3174 1150 maioribus-

570 1184 654 1225 que
695 1173 812 1207 natu
862 1164 1120 1214 adhibitis,
1173 1163 1236 1204 ad
1278 1179 1381 1205 eum
1422 1165 1474 1204 in
1516 1170 1677 1204 caetra
1725 1171 1968 1212 venerunt,
2020 1164 2190 1214 simul,
2234 1173 2289 1206 ut
2322 1165 2587 1213 dicebatur,
2622 1166 2700 1206 eui
2725 1167 2973 1223 purgandi
3004 1184 3169 1221 cauea,

569 1228 690 1289 quod
717 1235 878 1271 contra
898 1259 909 1278 ,
944 1234 1083 1284 atque
1128 1232 1243 1268 eaeet
1288 1224 1468 1268 dietum
1512 1233 1556 1268 et
1606 1226 1704 1285 ipsi
1746 1227 1974 1283 petiuerit
1992 1259 2003 1278 ,
2046 1226 2284 1284 proelium
2328 1226 2487 1284 pridie
2535 1228 2887 1271 eommieimne.
2918 1251 2989 1262 --
3050 1231 3173 1288 Quos

568 1293 662 1335 eibi
696 1293 867 1336 Caesar
900 1290 1077 1332 oblatos
1103 1289 1329 1347 gavisus,
1363 1289 1477 1330 illos
1509 1289 1711 1331 reti-neri
1742 1290 1901 1336 iussit.

631 1356 683 1397 ln
732 1352 887 1396 Rualdi
927 1353 1180 1395 sementiam
1228 1351 1302 1392 ivit
1346 1352 1467 1393 Dion.
1516 1349 1793 1409 Vossius,(*)
1838 1359 1880 1393 et
1924 1352 1982 1393 ita
2031 1351 2207 1410 quidem
2256 1359 2306 1395 ut
2351 1353 2522 1409 insuper
2566 1366 2648 1402 ea,
2695 1366 2805 1410 quas
2854 1367 2904 1395 ex
2946 1354 3173 1398 Plutarcho

568 1426 609 1458 et
653 1418 849 1473 Appiano
898 1416 1151 1463 citavimus,
1200 1427 1284 1453 non
1330 1428 1352 1454 e
1402 1414 1724 1456 Commentariis
1770 1415 1985 1462 Caesaris,
2028 1415 2098 1456 scd
2144 1430 2193 1456 ex
2235 1416 2315 1456 illis
2346 1415 2698 1473 Ephcmeridibus
2729 1415 2895 1456 fluxisse
2928 1416 3173 1460 contendat.

566 1482 637 1521 Sic
704 1482 816 1520 enim
882 1478 1026 1518 scribit
1087 1477 1132 1517 in
1186 1476 1294 1516 notis
1360 1475 1413 1516 ad
1471 1476 1658 1518 Caesar.v
1687 1475 1742 1516 de
1793 1476 1843 1517 B.
1893 1476 2005 1518 Gall.
2051 1479 2096 1518 L.
2145 1479 2179 1520 Ι.
2231 1492 2271 1519 c.
2323 1481 2361 1518 1.
2411 1477 2474 1535 (in
2521 1478 2622 1519 edit.
2675 1477 2874 1518 Oudend.
2929 1493 2971 1534 p.
3023 1482 3050 1520 2
3085 1480 3170 1538 sq.)

566 1541 783 1584 »Omnino
824 1540 955 1581 sentio
1004 1538 1221 1581 Caesarem
1262 1537 1475 1592 privatum
1518 1539 1562 1580 in
1610 1551 1765 1587 usum,
1816 1545 1857 1579 et
1907 1539 2136 1580 memoriae
2185 1553 2310 1582 causa
2370 1538 2670 1596 Ephemerides
2718 1540 2953 1596 scripsisse:
3015 1548 3058 1583 et
3123 1557 3174 1584 ex

565 1604 645 1646 illis
692 1602 908 1646 confectos
948 1615 1060 1651 esse,
1110 1613 1217 1658 quos
1264 1598 1390 1643 hodie
1433 1598 1637 1642 babemus
1678 1599 2024 1644 Commentarios.
2090 1601 2236 1644 Postea
2292 1608 2435 1644 tamen
2482 1599 2786 1658 premerides
2842 1602 2938 1646 illae
2993 1603 3175 1647 aliorum

564 1679 738 1723 quoque
782 1667 827 1707 in
876 1677 1024 1705 manus
1068 1676 1328 1719 pervenere:
1380 1668 1582 1719 erantque
1630 1661 1743 1703 baud
1791 1662 1919 1704 dubie
1966 1663 2131 1706 meliori
2177 1663 2261 1707 fide
2313 1665 2615 1721 consignatae,
2681 1677 2811 1721 quam
2859 1664 3173 1712 commentarii.

563 1730 807 1785 Utrumque
855 1727 999 1783 arguit
1048 1725 1181 1766 Servii
1228 1724 1375 1775 locus,
1424 1739 1511 1782 quo
1557 1731 1731 1780 captum
1782 1725 1906 1766 fuisse
1953 1725 2170 1768 Caesarem
2219 1733 2374 1768 narrat.
2441 1726 2634 1769 Nam-id
2677 1723 2825 1771 Caesar
2868 1727 2915 1768 in
2946 1727 3174 1770 Commen-

563 1791 676 1831 tariis
721 1790 892 1838 omisit,
941 1788 1042 1845 quia
1088 1793 1277 1828 constare
1327 1787 1417 1828 aliis
1458 1786 1642 1828 nolebat.
1712 1786 1766 1829 Ut
1807 1786 1940 1828 multa
1989 1788 2117 1829 etiam
2163 1801 2240 1845 per
2293 1801 2437 1829 omnes
2480 1787 2554 1830 hos
2602 1786 2728 1829 libros
2771 1786 2857 1829 fido
2909 1787 3023 1831 haud
3072 1804 3170 1832 sane

564 1854 723 1908 optima
768 1851 877 1892 tradi
923 1850 1146 1899 advertas,
1195 1850 1228 1889 si
1276 1849 1452 1899 Dionis,
1500 1856 1542 1889 et
1588 1849 1799 1899 aliorum,
1863 1850 1939 1905 qui
1989 1849 2137 1891 eadem
2185 1850 2416 1906 scripsere,
2481 1849 2671 1891 historias
2722 1851 2951 1906 per-volvas.
3018 1852 3171 1894 lisdem

564 1912 916 1970 Ephemeridibus
968 1926 1071 1967 ergo
1120 1926 1216 1952 usus
1261 1911 1387 1951 etiam
1438 1910 1705 1952 Plutarchus.
1773 1910 1952 1952 Easdem
1996 1909 2197 1968 intelligit
2248 1913 2496 1967 Appianas:
2529 1913 2574 1952 in
2601 1913 2719 1953 cuius
2746 1911 3042 1966 παραβολαῖς
3072 1917 3171 1967 περὶ

561 1976 803 2030 πρεσβειῶν
852 1975 1009 2029 legitur
1053 1989 1096 2029 p.
1152 1972 1258 2014 359.
1309 1975 1482 2025 Καῖσαρ
1526 1973 1577 2014 ἐν
1623 1975 1720 2020 ταῖς
1771 1969 1906 2021 ἰδίαις
1956 1971 2237 2026 ἀναγραφαῖς
2271 1977 2360 2015 τῶν
2398 1973 2627 2027 ἐφημέρων
2660 1972 2799 2027 ἔργων
2832 1974 2951 2029 φησί.
3017 1966 3175 2021 Iisdem·

561 2054 660 2082 usus
708 2039 834 2081 etiam
880 2037 1148 2094 Polyaenus,
1193 2036 1268 2092 qui
1307 2035 1529 2092 complura
1566 2034 1744 2078 Caesaris
1791 2042 2087 2092 strategemata
2132 2043 2352 2088 memorat,
2402 2050 2612 2093 nusquam
2641 2036 2686 2078 in
2720 2035 2800 2078 hoc
2835 2051 2961 2092 opere
2990 2038 3171 2094 scripta,

564 2109 612 2144 ut
661 2102 704 2143 in
752 2097 1185 2142 animadversionibus
1217 2097 1503 2140 ostendemus.
1587 2098 1807 2141 Praeterea
1853 2097 1968 2155 apud
2018 2099 2268 2145 Frontinum
2314 2112 2490 2158 quoque
2535 2105 2664 2150 sunt,
2709 2112 2819 2156 quae
2867 2113 2916 2141 ex
2959 2098 3168 2157 Ephemc-

562 2164 725 2206 ridibus
770 2162 916 2203 hausta
967 2162 1076 2203 nihil
1116 2160 1353 2216 ambigam.
1417 2160 1544 2213 Quod
1588 2162 1833 2216 ignoratum
1873 2162 2074 2216 imposuit
2125 2159 2373 2210 monachis,
2426 2162 2510 2202 sive
2554 2161 2649 2202 viris
2686 2160 2848 2211 doctis,
2884 2163 2959 2218 qui
2989 2162 3170 2204 Caesaris

561 2226 690 2268 libros
740 2224 1007 2281 exscripsere.
1073 2223 1123 2266 In
1172 2223 1329 2280 quibus
1373 2221 1590 2264 subditum
1637 2222 1754 2279 operi
1798 2229 1888 2266 est:
1939 2222 1984 2274 C.
2029 2223 2145 2266 Ivmr
2186 2222 2394 2266 Cusum
2442 2223 2693 2266 Pon-mers
2722 2237 2888 2265 mim
2922 2224 3169 2268 Ennianis

561 2303 712 2331 activas
747 2301 980 2338 cts'rsams
1015 2301 1138 2329 natu
1170 2287 1360 2327 Garum
1394 2299 1521 2327 nnn
1556 2299 1641 2327 vm
1674 2298 1875 2328 unicn-
1908 2299 2151 2328 tetrenn-
2219 2285 2423 2342 Legerant
2454 2285 2556 2327 alibi
2589 2284 2642 2327 de
2674 2284 2986 2341 Ephemeride,
3036 2302 3169 2344 quam

562 2353 661 2409 quia
705 2364 856 2392 aevum
906 2348 1154 2399 aboluerat,
1204 2355 1403 2403 putavere
1449 2361 1533 2388 non
1572 2347 1698 2389 aliam
1746 2361 1832 2388 esse
1880 2347 1934 2388 ab
1985 2346 2046 2388 his
2091 2346 2460 2390 Commentariis.'’
2526 2348 2621 2389 Hoc
2653 2362 2791 2404 usque
2825 2348 3006 2392 Vossius.

625 2414 757 2457 Vossii
784 2412 1031 2468 opinionem
1063 2419 1202 2452 tamen
1227 2411 1379 2452 merito
1408 2409 1607 2451 refutavit
1635 2410 1837 2460 Davisius,
1870 2410 1946 2467 qui
1977 2409 2029 2452 ad
2058 2408 2240 2452 Caesaris
2270 2411 2522 2466 Fragmenta
2552 2411 2597 2451 in
2626 2409 2724 2451 edit.
2755 2409 2954 2452 Oudend.
2988 2425 3031 2466 p.
3061 2413 3167 2454 998.

565 2475 617 2517 ad
664 2475 798 2517 Servii
842 2472 1029 2516 scholion
1078 2471 1185 2515 haec
1229 2471 1476 2514 adnotavit:
1528 2470 1773 2513 »Caesarem
1818 2485 1843 2513 a
1887 2470 2017 2513 Gallis
2056 2478 2231 2529 captum
2274 2472 2398 2514 fuisse
2443 2485 2527 2514 non
2577 2478 2815 2513 memorant
2857 2472 2916 2523 ii,
2962 2474 3039 2530 qui
3081 2475 3168 2516 eius

564 2540 694 2579 vitam
760 2544 802 2578 et
848 2551 910 2577 res
957 2543 1091 2592 gestas
1135 2535 1298 2591 scriptis
1350 2533 1635 2584 mandarunt,
1699 2533 1813 2575 unde
1861 2534 2054 2585 factum,
2108 2541 2156 2575 ut
2206 2533 2313 2576 haec
2357 2533 2526 2583 historia
2569 2533 2676 2576 mibi
2724 2534 2898 2592 quidem
2951 2535 3071 2577 valde
3118 2538 3168 2579 sit

563 2607 787 2656 suspecta;
833 2599 874 2650 ei
924 2605 1064 2640 tamen
1111 2595 1412 2653 expendendae
1459 2610 1544 2640 non
1588 2596 1845 2638 immorabor
1867 2594 1957 2656 (†).
2023 2596 2269 2639 Observabo
2304 2596 2507 2641 duntaxat
2541 2595 2664 2644 falsos
2695 2610 2780 2639 esse
2812 2596 2865 2639 G.
2897 2597 2937 2641 J.
2972 2599 3167 2644 Vossium

616 2784 673 2829 μ)
726 2783 882 2819 Alterius
915 2783 1117 2824 vossii,
1152 2783 1297 2818 Gerardi
1330 2784 1492 2825 loannis,
1529 2785 1703 2818 sententia
1736 2784 1925 2819 admodum
1964 2783 2108 2818 obscura
2145 2790 2210 2818 est.
2257 2783 2344 2818 Eius
2377 2783 2415 2817 di
2460 2784 2676 2825 utationem,
2712 2782 2849 2820 duobus
2885 2784 2981 2824 vitiis
3004 2791 3173 2831 typogra-

568 2831 683 2876 phicis
729 2828 975 2870 laborantem,
1023 2828 1262 2862 exscribemus
1305 2838 1505 2863 correctam.
1565 2830 1625 2864 Sic
1679 2832 1785 2874 igitur
1819 2830 1878 2863 ille
1916 2830 2069 2876 disputat
2103 2830 2147 2864 da
2182 2830 2272 2864 nis«.
2308 2830 2383 2864 Lat.
2451 2853 2461 2862 .
2496 2829 2525 2862 1.
2560 2841 2591 2863 c.
2630 2828 2685 2863 18.
2734 2828 2870 2863 »Caius
2904 2829 3015 2864 Iulius
3049 2830 3174 2864 Caesar

566 2877 660 2908 varia
693 2874 885 2908 admodum
920 2875 1079 2920 scripsit:
1117 2886 1162 2906 ex
1197 2874 1326 2919 quibus
1360 2874 1431 2908 sola
1455 2882 1664 2920 supersunt,
1692 2886 1782 2920 quae
1809 2875 1846 2907 in
1869 2886 1905 2907 re
1930 2874 2090 2909 historica
2114 2874 2272 2920 reliquit.
2319 2873 2457 2917 Nempe
2482 2879 2617 2919 septem
2640 2872 2722 2907 libri
2747 2873 2800 2908 de
2826 2874 2949 2909 bello
2979 2874 3168 2909 Gallico.

572 2921 627 2955 Ad
662 2920 747 2954 baec
783 2927 854 2954 tres
886 2919 937 2954 de
962 2919 1084 2953 bello
1107 2919 1251 2953 civili.
1278 2938 1369 2946 ---
1417 2921 1576 2965 Reliquit
1598 2928 1633 2954 et
1657 2920 1786 2954 Caesar
1810 2919 2184 2965 Ephemeridem‚
2210 2921 2283 2954 aiva
2308 2918 2465 2953 Diarium
2489 2929 2607 2953 rerum
2631 2931 2650 2953 a
2672 2931 2708 2953 se
2733 2927 2921 2962 gestarum.
2966 2921 3111 2954 serviu-
3134 2921 3174 2956 in

570 2966 632 3000 Xl.
679 2967 768 3000 Aen.
812 2965 894 3000 743.
955 2965 994 2998 C.
1042 2965 1166 3000 Iulius
1210 2965 1367 3007 Caesar,
1406 2977 1518 3010 quum
1553 2965 1739 3001 dimicaret
1773 2966 1811 3003 in
1851 2966 1973 3000 Gallia
1996 2984 2054 2993 --
2077 2967 2158 3003 Hoc
2192 2967 2316 3003 autem
2352 2966 2423 3010 ipae
2461 2964 2592 3000 Caesar
2624 2966 2662 3000 in
2695 2966 2733 3001 Ε
2766 2966 2928 3009 &merids
2961 2975 3028 3000 rua
3061 2965 3172 3009 dicit,
3194 2980 3202 2987 ·

572 3013 632 3045 ubi
673 3012 861 3057 propriam
906 3013 1160 3045 commemorat
1198 3008 1424 3054 felicitatem.
1481 3012 1558 3044 Imo
1592 3010 1868 3058 Ephemeridem
1905 3011 1947 3045 C.
1984 3012 2140 3046 Caesaris
2173 3011 2291 3044 laudat
2326 3018 2359 3059 et
2393 3009 2624 3057 Symmachus
2660 3011 2700 3048 L,
2757 3010 2797 3044 V.
2835 3024 2893 3058 ep.
2929 3010 3058 3045 1V111.
3104 3010 3174 3048 Ubi

573 3056 720 3103 quidam
756 3055 853 3090 Balbi
886 3055 1093 3102 intelligunt
1130 3055 1408 3103 Ephemeridem
1444 3054 1592 3090 Sidonio
1625 3063 1851 3090 memoratam
1886 3055 1977 3090 libro
2012 3056 2072 3091 IX.
2107 3068 2164 3103 ep.
2199 3053 2292 3090 XIV.
2347 3054 2437 3090 Nam
2472 3054 2619 3091 Balbum
2653 3067 2706 3092 res
2740 3055 2905 3091 Caesaris¹
2932 3067 3003 3090 non
3035 3065 3174 3092 cumae

574 3104 704 3142 solum,
731 3102 828 3146 quod
853 3102 992 3135 Gellius
1028 3102 1138 3135 refert
1174 3102 1217 3135 1..
1252 3101 1367 3134 xvu.
1397 3113 1429 3134 e.
1463 3102 1498 3134 9.
1534 3101 1596 3134 sed
1630 3104 1736 3136 etiam
1770 3103 1948 3148 scripsisse
1984 3109 2101 3135 auctor
2131 3109 2185 3135 est
2218 3101 2409 3135 Suetonius
2442 3103 2480 3135 in
2512 3102 2604 3136 lulio
2635 3113 2666 3134 c.
2693 3101 2849 3137 LXXXI.
2892 3100 2964 3136 Sed
2987 3113 3006 3136 a
3027 3103 3175 3138 Sidonio

579 3149 694 3193 [leges
734 3147 968 3194 Symmacho]
1009 3159 1080 3181 non
1116 3146 1213 3181 :iliud
1249 3158 1339 3192 opus
1374 3146 1583 3191 intelligitur
1620 3160 1728 3192 quam
1765 3146 2017 3181 commentarii
2054 3147 2211 3182 Caesaris
2248 3147 2290 3180 de
2322 3146 2417 3181 bello
2452 3146 2598 3183 Gallico.
2645 3146 2737 3183 Haec
2761 3149 2859 3181 enim
2884 3147 3015 3186 ibidem
3040 3149 3175 3184 Sueto-

576 3194 656 3226 nius
697 3192 811 3236 [lege
851 3193 1106 3239 Symmachus]
1146 3192 1353 3236 subiungit:
1402 3192 1502 3229 Haec
1534 3192 1577 3238 (Ε
1606 3192 1761 3226 hemeris
1787 3191 1842 3230 .G.
1877 3192 2051 3235 Caesaris)
2093 3195 2125 3225 te
2159 3193 2338 3236 origines,
2378 3194 2493 3233 situs,
2527 3202 2698 3237 pugnas,
2737 3194 2770 3225 et
2804 3192 2979 3237 quidquid
2998 3193 3119 3236 fuerit
3139 3196 3176 3229 in

578 3238 758 3277 viroribus,
807 3240 873 3269 aut
918 3238 1052 3280 tegibus
1103 3238 1333 3279 Galliarum,
1383 3237 1527 3270 docebit.
1581 3204 1681 3282 1fiune
1723 3238 1855 3291 optime
1900 3241 2113 3271 conveniunt
2158 3237 2429 3271 Commentariis
2466 3237 2638 3271 Caesaris.
2684 3235 2761 3269 lmo
2794 3247 2937 3271 ornnem
2972 3249 3048 3272 seru
3076 3239 3177 3273 ulum

579 3283 728 3321 eximit,
765 3282 861 3326 quod
895 3284 933 3316 in
969 3282 1086 3317 tussis
1117 3282 1332 3328 quibusdam
1366 3282 1452 3316 haee
1487 3282 1591 3316 verba
1625 3283 1911 3324 subscribantur,
1949 3283 2075 3317 ultimo
2109 3283 2200 3317 libro
2233 3284 2277 3317 de
2313 3282 2407 3317 bello
2438 3282 2596 3317 Gallico:
2651 3282 2689 3314 C.
2726 3282 2817 3315 Iulii
2856 3284 3018 3317 Caesaris
3075 3287 3176 3320 ona„

571 3328 657 3372 ficia
703 3327 856 3359 Maximi
898 3327 1107 3372 Ephemeris
1150 3339 1270 3361 rerum
1313 3330 1503 3371 gestarum
1548 3328 1624 3361 belli
1672 3328 1802 3362 Gallici
1836 3328 1895 3361 lib.
1939 3328 2066 3363 7111.
2102 3328 2242 3381 explicit
2270 3327 2437 3372 feliciter.
2485 3326 2532 3360 Ut
2568 3325 2661 3359 nihil
2694 3334 2812 3373 peccet
2848 3326 2990 3363 Paullus
3020 3329 3174 3372 lierula,

578 3371 875 3416 Cosmograpbiae
911 3372 952 3405 1..
989 3372 1035 3405 11.
1070 3384 1102 3405 c.
1138 3371 1250 3406 xvn.
1287 3372 1349 3405 ubi
1385 3372 1486 3406 iubet
1519 3384 1580 3405 nos
1615 3384 1678 3414 ea,
1715 3384 1804 3418 quae
1838 3372 1965 3407 Caesar
1999 3385 2175 3407 novennio
2210 3375 2248 3407 in
2282 3372 2409 3406 Galliis
2443 3373 2573 3417 gessit,
2611 3378 2728 3418 petere
2763 3384 2807 3405 ex
2835 3372 2900 3411 lib,
2925 3372 3004 3412 Vn.
3052 3373 3191 3419 Bphe-⁴

578 3416 757 3450 meridum
781 3417 892 3461 ipsius
915 3418 1086 3451 Caesaris.
1132 3417 1223 3451 Nam
1247 3430 1317 3459 non
1339 3418 1408 3451 alio
1429 3418 1609 3463 respexit,
1637 3430 1740 3463 quam
1767 3430 1837 3463 quo
1860 3418 1984 3452 dixi.''

627 3481 690 3527 (†)
743 3479 923 3514 fabricius
967 3483 1004 3514 in
1049 3481 1140 3516 Bibl.
1183 3482 1257 3517 Lat.
1292 3483 1332 3517 L.
1371 3483 1399 3517 Ι.
1435 3495 1466 3517 c.
1506 3482 1558 3517 10.
1600 3482 1637 3527 §.
1672 3482 1705 3516 2.
1740 3483 1773 3516 d.
1809 3483 1946 3518 videtur
1980 3483 2149 3529 suspicari
2185 3481 2350 3517 Servium
2385 3479 2548 3515 babuisse
2584 3480 2789 3524 uberiores,
2826 3495 2932 3528 quam
2966 3494 3029 3517 nos
3061 3483 3177 3524 habe..

580 3539 684 3567 mus,
724 3526 883 3561 Caesaris
915 3524 1212 3570 Commentarios3
1247 3530 1295 3562 sic
1327 3532 1425 3563 enim
1460 3529 1603 3563 scribit:
1657 3528 1839 3562 »Servius
1873 3530 1909 3561 in
1944 3529 2011 3567 XI
2045 3528 2191 3561 Aeneid.
2226 3528 2287 3560 hos
2321 3526 2414 3562 Iulii
2453 3527 2614 3560 Caesarie
2637 3530 2908 3564 commentarios
2930 3532 3032 3562 vocat
3053 3529 3176 3577 Ephe-

580 3572 757 3613 merides,
803 3571 892 3617 quia
938 3574 1074 3616 tempus
1114 3576 1293 3618 utcunque
1338 3575 1537 3608 observant.
1601 3574 1721 3617 Neque
1757 3574 1847 3607 enim
1883 3574 1983 3607 aliud
2018 3585 2106 3618 opus
2145 3573 2307 3606 Caesaris
2348 3572 2598 3617 Ephemerides
2623 3570 2987 3616 putaverim‚'licet,
3033 3587 3123 3620 quae
3157 3589 3181 3611 a

586 3617 708 3670 ¹Servio
743 3628 784 3651 ex
817 3617 888 3651 illis
917 3619 1186 3663 proferuntur,
1222 3620 1321 3654 hodie
1356 3621 1607 3654 desideramus.
1668 3619 1763 3653 Sunt
1797 3622 1887 3653 certe
1921 3619 2120 3663 quaedum,
2158 3621 2200 3652 ut
2234 3620 2369 3653 norunt
2405 3617 2562 3660 eruditi,
2599 3618 2637 3651 in
2671 3617 2725 3651 his
2760 3617 2860 3652 libris
2891 3618 2932 3653 de
2968 3620 3050 3655 bello
3086 3622 3179 3656 Gal-
