3442 4094
545 217 601 260 de
649 216 706 260 n.
753 217 946 275 Vipsanii
991 217 1209 275 Agrippae
1253 217 1301 259 in
1338 217 1447 259 lm
1474 216 1712 274 apublican
1757 215 2212 266 Romsnamnsssitis.
2264 212 2467 266 Ml.
2510 221 2646 266 1841.
2697 222 2762 266 0⁰.
2802 235 2865 281 p.⁴
2894 223 2968 266 19.
3042 220 3158 264 Reli-

546 293 735 336 quorum
782 279 973 331 labores‚
1022 281 1097 337 qui
1142 278 1203 320 da
1242 278 1434 335 Agrippa
1478 279 1763 334 armarunt,
1815 277 1988 320 nomine
2031 283 2196 320 uatum
2239 276 2700 336 miliia-notuerunt,
2747 291 2798 328 ut
2835 291 2966 330 sunta
3009 282 3070 327 G.
3110 281 3165 326 G.

546 342 822 394 Gebauer,
870 341 922 384 de
970 341 1026 383 M.
1067 340 1274 398 Agrippa.
1322 340 1517 398 Lipsiae
1570 343 1707 384 1717.
1752 341 1798 383 in
1846 341 1975 398 ipsius
2020 341 2379 384 Exercitationum
2425 341 2780 390 Academiarum
2825 362 2850 391 a
2897 346 3164 392 Weissman-

546 407 648 448 telio
696 406 903 448 editarum
952 401 1219 461 Erfords‘ae
1266 406 1404 447 177⁷.
1452 401 1560 450 vot.
1596 400 1657 446 Π.
1699 417 1745 462 p.
1795 403 2064 448 soa—844.
2127 403 2333 449 L’Abbe
2372 405 2425 447 lo
2461 405 2651 458 nto-d,
2686 407 2888 452 Hemoire
2919 424 2993 453 sur
3026 410 3066 454 la
3098 409 3164 451 vie

550 476 591 510 et
641 469 697 509 les
748 465 958 508 medailles
1005 465 1269 523 d'Agrippa,
1321 466 1495 509 Gendre
1544 465 1800 525 d’Augaste.
1851 468 1925 510 int
1978 466 2171 510 Be-oir.
2229 466 2282 511 «to
2333 465 2499 525 YJAcad.
2549 465 2623 510 de·
2669 467 2865 525 Inscript.
2920 479 2963 513 et
3008 471 3165 514 belles-

550 532 693 572 lettres
740 529 789 570 T.
836 528 924 571 XL.
976 541 1019 584 p.
1071 530 1274 571 37—68.
1324 528 1478 571 Pario
1530 531 1663 573 1780.
1729 527 2031 587 Raphaelis
2077 530 2338 573 leoenati
2384 530 2497 583 leti,
2541 528 2597 572 de
2646 530 2724 572 vita
2780 531 2991 590 rebusque
3043 534 3170 591 gestis

550 594 604 635 Μ.
654 590 842 647 Vipsanii
893 589 1112 648 Agrippae
1152 590 1490 636 Commentarius
1537 593 1784 637 testimoniis
1825 594 2080 650 scriptorum
2127 601 2317 638 veterum
2365 595 2658 638 concinnatus.
2705 590 2877 637 Romae
2924 595 3062 640 1821.
3104 596 3166 640 4⁰.

555 653 647 696 vide
708 653 902 697 Giornal.
956 653 1160 698 Arcadic.
1216 655 1265 698 T.
1326 656 1426 699 ΧΠ.
1479 669 1522 713 p.
1581 657 1668 699 415
1717 669 1811 714 sqq.
1876 656 1924 699 P.
1973 656 2017 698 S.
2070 654 2367 707 Frandsen,
2417 656 2473 700 H.
2522 655 2748 713 Vipsanius
2793 655 2996 714 Agrippa.
3062 656 3167 700 Eine

551 716 800 759 historische
860 717 1196 774 Untersucbung
1256 718 1367 760 fiber
1426 719 1582 765 dessen,
1632 718 1775 760 Leben
1833 718 1922 760 und
1982 715 2187 760 Wirlten.
2250 717 2431 761 Altona
2488 720 2625 763 1836.
2703 719 2757 761 Η.
2800 718 2840 762 J.
2889 732 2985 760 ran
3030 718 3168 771 Eek‚

553 779 829 833 Quaestiones
862 779 1093 822 Historicae
1128 778 1180 823 de
1213 780 1268 823 M.
1303 780 1505 837 Vipsanio
1537 780 1742 837 Agrippa.
1779 779 1931 839 Lugd.
1966 778 2078 824 Bae.
2118 778 2252 823 1842.
2288 781 2353 824 8⁰.

1604 898 2127 947 Frugi-ensa.

1735 1006 1985 1041 L12.11.

623 1097 926 1156 (Philargyr.
980 1096 1044 1141 ad
1091 1093 1245 1158 Virg.
1294 1095 1463 1158 Georg.
1517 1096 1590 1144 11.
1645 1098 1770 1159 162.)
1839 1100 2031 1157 Agrippa
2080 1100 2125 1142 in
2174 1096 2358 1142 seeundo
2412 1099 2535 1144 Vitae
2580 1098 2693 1142 Suae
2745 1099 2879 1152 dicit,
2916 1103 3174 1159 excogitasse

556 1175 596 1202 se
630 1169 675 1203 ut
709 1175 755 1202 ex
791 1161 975 1203 Lucrino
1008 1162 1104 1203 lacu
1138 1168 1311 1217 portum
1344 1162 1516 1205 faceret.
1584 1162 1746 1207 Verum
1781 1163 1908 1205 buius
1942 1163 2074 1218 gloria
2108 1163 2303 1218 Augusto
2335 1163 2469 1206 cessit.
2856 1169 2859 1171 ’

615 1282 648 1334 †
687 1278 904 1337 (Plinius
954 1280 1007 1320 L.
1057 1279 1285 1322 XXXVI.
1335 1294 1370 1322 o.
1423 1283 1499 1322 24.
1551 1283 1591 1339 §-
1643 1280 1706 1339 9.)
1790 1280 1983 1339 Agrippa
2011 1310 2016 1314 ·
2046 1294 2143 1322 vcro
2210 1282 2253 1322 in
2319 1280 2552 1322 Aedilitate
2616 1293 2714 1332 sua,
2778 1280 2943 1322 adiecta
2993 1281 3173 1338 Virgine

554 1357 690 1398 aqua,
759 1344 907 1382 ceteris
971 1344 1191 1383 corrivatrs
1251 1351 1384 1400 atque
1443 1343 1703 1394 emendatis,
1769 1345 1882 1385 lacus
1944 1345 2233 1400 septingentos
2289 1344 2418 1384 fecit:
2481 1349 2697 1398 praeterea
2744 1343 2937 1385 salientes
2996 1350 3167 1385 eentum

554 1405 769 1460 quinque:
828 1403 996 1445 castella
1058 1411 1231 1446 centnm
1291 1405 1498 1461 triginta,
1564 1406 1787 1462 complura
1846 1405 1974 1448 etiam
2021 1405 2138 1447 cultu
2184 1403 2438 1458 magnifica:
2484 1403 2683 1459 operibus
2726 1404 2777 1446 iis
2822 1404 2940 1461 signa
2985 1411 3174 1447 trecenta

553 1477 675 1508 aerea
732 1471 805 1508 aut
861 1477 1099 1508 marmorea
1151 1466 1376 1523 imposuit,
1436 1467 1655 1510 columnas
1711 1479 1761 1510 ex
1815 1480 2023 1510 marmore
2064 1466 2419 1526 quadringentas,
2473 1479 2608 1524 eaque
2648 1466 2790 1509 omnia
2835 1479 2978 1510 annuo
3021 1467 3171 1523 spatio.

553 1527 711 1570 Adiieit
756 1529 846 1584 ipse
891 1528 935 1569 in
983 1527 1221 1570 Aedilitatis
1270 1539 1369 1570 suae
1406 1530 1837 1581 commemoratione,
1889 1536 1929 1572 et
1977 1528 2097 1572 ludos
2140 1528 2471 1587 undesexaginta
2515 1526 2665 1572 diebus
2704 1528 2863 1582 factos,
2909 1536 2951 1572 et
2990 1530 3173 1587 gratuita

556 1589 747 1646 praebita
781 1586 949 1633 balinea
984 1597 1157 1634 centum
1192 1592 1477 1649 septuaginta.

1476 1720 1515 1774 §.
1555 1720 1628 1761 10.
1696 1718 1898 1761 Tamus
1931 1719 2055 1762 Naso
2088 1718 2273 1762 cissis.

616 1842 745 1895 Quali
789 1856 913 1883 causa
958 1841 1202 1898 Augustum
1250 1842 1443 1901 suspicati
1489 1857 1637 1885 sumus
1684 1842 1810 1885 fuisse
1862 1843 2087 1885 incitatum
2134 1847 2181 1883 ut
2228 1839 2282 1883 de
2326 1854 2400 1883 sua
2447 1841 2536 1897 ipse
2582 1840 2663 1882 vita
2693 1846 2966 1896 componeret
3009 1838 3171 1891 libros,

554 1905 681 1946 talem
720 1919 895 1961 quoque
938 1906 1068 1959 ipsius
1112 1906 1342 1945 successori
1391 1905 1518 1946 fuisse
1567 1905 1762 1947 videmur
1811 1906 1930 1947 nobis
1968 1917 2086 1961 posse
2133 1904 2334 1959 suspicari
2384 1918 2435 1944 ex
2486 1903 2680 1944 Suetonii
2733 1903 2858 1950 loeo,
2919 1902 2993 1944 ubi
3041 1903 3172 1944 Tibe-

553 1967 663 2009 rium
709 1966 763 2010 de
814 1966 911 2011 Vita
955 1967 1041 2009 Sua
1091 1967 1443 2009 commentarium
1495 1968 1776 2023 composuisse
1825 1967 1981 2010 docet:
2032 1966 2115 2010 hoc
2153 1974 2298 2009 tamen
2347 1964 2527 2009 admisso
2575 1964 2849 2015 discrimine,
2911 1963 3030 2022 quod
3073 1965 3172 2008 Au-

556 2035 732 2084 gustus,
783 2041 892 2085 quae
940 2027 1116 2086 quidem
1167 2030 1209 2070 in
1261 2028 1544 2072 adolescentia
1586 2029 1887 2081 commisisset,
1939 2028 2128 2072 Tiberius
2174 2035 2346 2080 antem,
2394 2041 2525 2085 quam
2556 2026 2890 2083 provectioribus
2922 2027 3041 2068 annis
3075 2039 3170 2084 per-

555 2097 756 2146 petrasset
789 2089 1117 2141 crudelitatem,
1153 2090 1373 2132 manifeste
1406 2090 1600 2133 videatur
1632 2091 1808 2133 voluisse
1841 2102 2051 2133 excusare.

619 2153 812 2194 Tiberius
859 2154 969 2194 enim
991 2184 1002 2202 ,
1051 2152 1343 2210 qualicunque
1389 2160 1559 2209 postea,
1595 2154 1823 2209 imperium
1858 2161 2037 2204 nactus,
2071 2152 2315 2208 flagraverit
2340 2152 2547 2199 infamia,
2582 2152 2648 2192 vix
2679 2159 2728 2193 ut
2761 2150 2911 2192 referri
2945 2149 3168 2201 audirive,

558 2229 609 2255 ne
639 2214 743 2255 dum
777 2214 893 2256 credi
926 2215 988 2255 sas
1031 2216 1107 2266 sit;
1158 2216 1277 2270 prius
1318 2216 1465 2257 saltem
1513 2217 1559 2257 in
1604 2216 1887 2258 adolescentia
1929 2222 1970 2257 et
2020 2214 2236 2256 modicum
2282 2229 2324 2255 se
2382 2215 2506 2270 gessit
2553 2220 2595 2254 et
2640 2220 2749 2255 artes
2803 2212 2997 2254 liberales
3040 2212 3172 2253 coluit

554 2275 868 2320 studiosissime.
951 2277 1060 2318 Puer
1119 2277 1232 2319 enim
1288 2284 1509 2334 postquam
1557 2276 1793 2319 rhetoricae
1835 2284 2113 2335 praeceptore
2153 2291 2250 2318 usus
2290 2283 2393 2318 esset
2443 2274 2666 2318 Theodoro
2714 2274 2942 2326 Gadareo,
2988 2288 3084 2315 mox
3129 2274 3172 2315 in

557 2339 746 2380 oratione
790 2338 936 2381 Latina
980 2344 1148 2382 secutus
1195 2345 1263 2383 est
1302 2340 1529 2383 Corvinum
1575 2340 1818 2383 Messalam:
1862 2352 1995 2401 quem
2042 2353 2189 2383 senem
2238 2337 2494 2382 adolemus
2538 2336 2886 2389 obcervaoerae,
2940 2343 2987 2379 ut
3028 2335 3173 2379 scribit

558 2403 784 2443 Suetonius
833 2404 878 2442 in
918 2402 1013 2444 Tib.
1055 2417 1096 2444 c.
1147 2404 1223 2445 70.
1267 2403 1341 2444 ubi
1385 2403 1533 2446 addit:
1584 2405 1848 2461 Composuit
1899 2412 1941 2446 et
1990 2418 2176 2445 carmen
2220 2403 2454 2459 lyricum,
2506 2402 2640 2443 cuiue
2683 2409 2752 2442 eet
2787 2400 2992 2442 titulus.-
3027 2400 3171 2442 Con-

561 2466 792 2522 questio
839 2464 901 2506 de
951 2465 1004 2507 L.
1047 2465 1323 2508 Caesarie
1370 2472 1567 2510 morte.
1634 2465 1763 2509 Fecit
1808 2473 1853 2509 et
1884 2465 2107 2510 Graeca
2136 2466 2419 2522 ροὲηιαια,
2469 2465 2693 2506 imitat-ue
2737 2462 3086 2520 Euphorionem
3130 2469 3173 2504 ee

561 2526 799 2569 Rhianum
829 2534 871 2567 et
903 2526 1239 2569 Parthenium.-
1266 2524 1434 2585 quibus
1463 2530 1615 2585 postis
1641 2528 1889 2572 admodum
1920 2528 2188 2576 delectatne,
2216 2528 2398 2584 scripta
2431 2540 2589 2569 eorum
2617 2532 2661 2568 et
2679 2526 2931 2584 imagines,
2960 2523 3171 2581 publicis

562 2587 878 2641 bibliothecis,
929 2590 1055 2632 inter
1098 2597 1269 2633 veteres
1318 2597 1361 2633 et
1406 2593 1683 2650 praecipuos
1732 2598 1943 2636 auctores
1990 2589 2257 2636 dedicavit:
2305 2596 2349 2632 et
2399 2588 2451 2633 ob
2500 2587 2579 2632 hoe
2624 2587 2836 2648 plerique
2881 2586 3173 2631 eruditorum

561 2654 783 2693 certatim
827 2651 890 2692 ad
931 2668 1031 2693 eum
1074 2652 1229 2694 multa
1275 2654 1328 2694 de
1371 2653 1448 2695 hie
1490 2654 1748 2696 ediderunt.
1817 2656 1870 2697 Et
1918 2669 2054 2712 quum
2099 2654 2244 2696 Rhodi
2294 2654 2425 2695 vitam
2474 2659 2621 2708 ageret
2668 2659 2841 2707 propter
2873 2653 3037 2701 literas,
3072 2665 3172 2692 mo-

560 2712 714 2766 dieis,
779 2713 838 2756 ait
883 2713 1108 2757 Suetonius
1153 2714 1198 2758 in
1233 2714 1328 2759 Tib.
1375 2730 1415 2759 c.
1471 2720 1543 2761 11.
1590 2725 1828 2761 contentus
1872 2715 2092 2768 aedibus,
2136 2732 2216 2760 nee
2259 2714 2409 2758 multo
2462 2714 2640 2758 laaes'ors
2688 2712 2978 2766 suburbano,
3023 2728 3173 2771 genus

560 2778 685 2819 vitae
732 2773 874 2818 civile
918 2775 1165 2819 admodum
1204 2777 1448 2832 instituit,
1495 2780 1595 2823 sine
1643 2779 1830 2834 lictore,
1875 2785 1961 2823 aut
2011 2780 2190 2823 viatore
2208 2812 2220 2833 ,
2269 2777 2527 2839 gymnasia
2575 2774 2814 2822 interdum
2857 2774 3169 2829 obambulam,

562 2848 815 2898 mutuaque
863 2853 968 2881 eum
1014 2838 1260 2882 Graeculis
1304 2840 1456 2900 officia
1498 2857 1763 2901 usur-pam,
1822 2857 1968 2901 prope
2010 2858 2064 2885 οι·
2108 2857 2265 2901 aequo.
2348 2841 2432 2884 Sed
2478 2841 2606 2882 etiam
2656 2841 2763 2882 inter
2810 2841 2930 2883 initia
2973 2840 3172 2896 imperii,

560 2915 696 2960 quum
736 2901 883 2945 adhuc
924 2901 1117 2945 savorem
1167 2901 1388 2946 hominum
1430 2906 1727 2949 moderationis
1776 2907 2041 2949 simulatione
2089 2911 2311 2962 captaret,
2360 2911 2496 2946 tantas
2540 2917 2642 2960 prae
2681 2917 2724 2946 se
2757 2903 2854 2945 tulit
2886 2904 3087 2953 virtutes,
3123 2910 3172 2945 ut

562 2979 679 3022 spem
745 2964 872 3008 facile
933 2965 1138 3008 excitaret
1188 2965 1249 3008 rei
1297 2965 1495 3022 publicae
1534 2968 1626 3012 fore
1671 2975 1715 3012 ut
1755 2968 1835 3013 sub
1883 2983 1933 3011 eo
1979 2967 2199 3025 pristinam
2246 2965 2484 3010 libertatem
2528 2973 2811 3023 recuperaret.
2876 2963 3015 3008 Iniens
3057 2965 3172 3008 enim

562 3026 789 3086 imperium
839 3040 878 3071 a.
929 3027 1037 3072 766.
1091 3027 1259 3072 civilem
1304 3027 1535 3075 admodum
1580 3044 1629 3074 ac
1678 3032 1807 3090 paulo
1856 3032 1995 3076 minus
2032 3045 2164 3091 quam
2212 3030 2426 3089 privatum
2473 3029 2587 3088 egit,
2638 3036 2680 3074 et
2721 3044 2772 3073 ex
2815 3027 3009 3086 plurimis
3040 3029 3173 3072 maxi·

562 3093 728 3149 misque
780 3089 1044 3144 honoribus,
1094 3098 1265 3149 praeter
1311 3105 1470 3149 paucos
1518 3101 1560 3138 et
1605 3095 1825 3148 modicos,
1871 3109 1956 3139 non
1991 3096 2165 3152 recepit.
2231 3094 2505 3138 Adulationes
2532 3099 2675 3137 autem
2706 3092 2814 3136 adeo
2845 3098 3055 3135 aversatus
3087 3099 3172 3144 est,

564 3162 612 3196 ut
665 3155 879 3196 neminem
928 3163 1204 3207 senatorum,
1254 3162 1328 3197 ant
1367 3156 1494 3200 officii
1543 3163 1617 3199 aut
1666 3160 1826 3216 negotii
1875 3172 2029 3210 causa,
2072 3157 2125 3200 ad
2159 3157 2351 3200 lecticam
2384 3171 2501 3201 suam
2535 3156 2766 3199 admiserit.
2832 3155 2916 3197 Sed
2949 3162 2991 3198 et
3024 3153 3176 3198 adrer-

561 3231 629 3262 sus
695 3218 919 3269 convicia,
985 3217 1204 3275 malosque
1262 3231 1454 3262 rumores
1514 3227 1557 3262 et
1616 3220 1773 3265 famosa
1823 3220 1876 3264 de
1924 3235 1966 3264 se
2009 3233 2060 3264 ac
2104 3221 2187 3264 suis
2235 3223 2453 3272 camina,
2503 3219 2649 3262 firmus
2693 3231 2746 3261 ac
2790 3220 2952 3274 patiens
2994 3217 3175 3262 subinde

567 3278 781 3324 iactabat:
829 3279 890 3324 In
936 3281 1130 3325 clvitats
1179 3279 1590 3341 &huolingaam
1632 3290 1912 3344 mensemque
1961 3282 2135 3327 liberas
2170 3299 2269 3327 >esee
2307 3281 2477 3327 debere.
2556 3281 2675 3336 Quin
2714 3281 2852 3325 etiam
2881 3280 3075 3339 *speciem
3124 3281 3177 3324 li·

566 3342 740 3385 bertatis
777 3342 1007 3401 quamdam
1052 3343 1253 3397 induxit,
1318 3345 1575 3389 conservatis
1620 3347 1783 3392 senatui
1832 3359 1884 3392 ae
1928 3345 2243 3406 magistratibus
2285 3352 2327 3391 et
2375 3346 2590 3391 maiestate
2630 3344 2802 3404 pristina
2848 3349 2890 3389 et
2937 3349 3174 3403 potestate:

570 3418 710 3464 neque
756 3411 843 3447 tam
894 3420 1067 3463 parrum
1111 3407 1379 3467 quidquam,
1426 3421 1569 3469 neque
1618 3415 1703 3453 tam
1753 3423 1979 3469 magnum,
2030 3410 2193 3469 publici
2241 3410 2482 3470 privatique
2526 3410 2685 3467 negotii
2733 3408 2846 3462 suit,
2880 3407 2935 3452 de
2967 3415 3054 3469 qno
3088 3420 3174 3452 non

565 3470 618 3511 ad
669 3470 716 3510 P.
768 3469 816 3510 C.
865 3470 1052 3512 referret.
1118 3472 1224 3524 Et,-
1245 3480 1298 3518 ,ut
1330 3473 1423 3526 alia,
1443 3474 1664 3527 omittam,
1699 3475 1741 3516 in
1774 3475 1929 3533 quibus
1960 3474 2226 3517 moderatum
2259 3487 2302 3516 se
2336 3475 2460 3532 gessit
2493 3480 2535 3518 et
2567 3473 2819 3517 clementem
2840 3502 2853 3525 ,
2887 3472 3174 3529 praesidibus,

567 3527 798 3573 onerandas
825 3532 1006 3574 ‘tributo
1050 3535 1284 3591 provincias
1325 3535 1634 3588 suadentibus,
1684 3539 1921 3597 rescripsit:
1968 3536 2094 3580 Boni
2134 3539 2350 3596 pastoris
2395 3550 2515 3591 esee,
2569 3536 2752 3580 tondere
2778 3549 2945 3594 pecul·
2978 3549 3067 3578 ⁷10²!
3098 3536 3174 3579 de·

564 3593 769 3654 glaber-e.
837 3596 1060 3641 Paullatim
1087 3612 1206 3640 .vere
1254 3601 1495 3658 principem
1537 3601 1751 3654 exseruit,
1803 3601 2125 3660 praestititque:
2172 3603 2248 3643 etsi
2294 3603 2454 3644 varium
2501 3600 2602 3654 diu,
2650 3600 2982 3643 commodiorem
3032 3608 3173 3643 tamen
