3442 4094
1449 92 1484 140 5

171 224 394 271 adure-e
442 219 754 284 Iugerum.
807 228 961 266 tamen
1007 222 1107 266 eius
1146 212 1345 280 pecunia
1391 221 1571 275 victus,
1622 217 1891 265 referendum
1938 227 1998 264 est
2041 219 2096 265 ad
2129 220 2291 265 Aurelii
2324 234 2483 265 errores
2513 238 2596 269 non
2626 226 2755 270 infre·

170 294 374 347 querite-3
407 287 442 330 si
473 283 646 345 quidem
678 285 724 329 in
753 284 942 329 Africam
973 284 1149 330 demum
1181 284 1391 342 profectus
1423 292 1483 328 est
1516 299 1555 328 a.
1590 285 1698 330 64³.
1732 284 1896 342 legatus
1927 299 1951 328 a
1983 284 2031 329 1..
2062 284 2293 343 Calpurnio
2323 284 2476 330 Bestia.

234 349 442 406 Legitima
498 361 609 390 anno
656 347 930 391 Consulatum
982 355 1153 404 petens,
1203 347 1392 388 deiectus
1438 354 1498 388 est
1539 362 1565 388 a
1615 346 2024 401 Q.11aximo;de
2069 362 2156 405 qua
2206 348 2371 405 repulsa
2416 347 2561 390 scribit
2609 350 2754 392 Cicero

172 423 249 467 pro
296 410 405 453 Mur.
456 422 497 452 c.
549 411 620 454 17.
667 411 745 454 36.
805 407 954 453 Nihil
997 415 1093 458 est,
1138 407 1303 466 inquit,
1354 408 1581 450 incertius
1626 408 1803 467 vulgo,
1849 408 1981 451 niltil
2026 409 2268 452 obscurius
2317 409 2555 452 voluntate
2605 409 2756 451 Itoni-

171 487 312 525 num,
359 471 491 515 nihil
521 471 762 531 fallacius
805 472 988 514 ratione
1033 476 1133 512 tota
1172 470 1482 513 comitiorum.
1550 469 1671 529 Quis
1704 470 1759 514 L.
1793 470 2079 528 Philippum
2109 487 2138 514 a
2168 470 2238 515 M.
2270 470 2500 515 Herennio
2533 474 2754 529 superari

168 548 301 592 posse
349 533 617 578 arbitratus
675 534 780 578 est?
823 534 933 592 quis
977 531 1046 575 M.
1094 529 1346 585 Scaurum,
1393 534 1620 575 hminem
1659 534 2031 592 gravissimum,
2079 535 2224 575 civem
2266 537 2535 593 egregium,
2572 532 2755 592 sortis-

174 598 346 638 simum
390 604 668 649 senatorem,
718 611 749 637 a
793 594 852 652 Q.
900 593 1148 637 Maximo?
1210 592 1315 637 Νοιι
1360 594 1489 638 modo
1533 595 1698 637 horum
1741 595 1872 637 nihil
1917 597 1993 636 ita
2021 594 2133 652 sore
2172 602 2399 651 putatum
2445 605 2542 648 eet,
2590 594 2671 639 sed
2698 611 2755 638 ne

174 673 314 716 quum
347 665 461 701 esset
481 657 674 717 sactum
704 655 916 715 quidem,
951 671 1097 715 quare
1128 657 1202 699 ita
1223 655 1413 714 sactum
1443 664 1583 709 esset,
1615 656 1835 715 intelligi
1858 658 2037 714 potuit.

237 721 361 765 Auno
405 729 548 766 autem
596 720 789 778 sequenti
841 719 947 763 639.
994 719 1146 764 Consul
1196 726 1361 763 creatus
1402 726 1462 763 est
1505 733 1605 764 cum
1648 720 1704 764 M.
1747 719 1925 763 Caecilio
1969 719 2163 771 Metello;
2210 720 2253 762 in
2302 732 2440 779 eoque
2483 721 2753 778 magistratu.

171 783 286 842 quod
320 784 477 825 nemini
504 789 669 839 praeter
702 781 818 824 hunc
851 783 1052 839 contigit,
1087 796 1136 825 ex
1168 781 1333 825 abiecta
1365 783 1472 834 vita,
1505 790 1554 825 ut
1584 781 1730 824 scribit
1760 781 2012 825 Plutarchus
2045 781 2098 824 do
2127 783 2304 824 Fortuna
2334 785 2458 825 Rom.
2494 798 2536 839 p.
2569 785 2675 825 318.
2704 784 2752 826 C.

172 853 216 887 et
259 845 440 902 ignobili
484 844 643 886 familia
688 857 819 885 novus
867 843 994 885 homo
1036 845 1218 886 elevatus
1265 859 1290 886 a
1334 845 1520 886 Fortuna
1567 858 1617 884 eo
1659 851 1745 893 est,
1794 851 1841 886 ιιι
1887 845 2087 900 Princeps
2130 845 2308 886 Senatus
2351 845 2564 900 legeretur
2595 860 2618 885 a
2653 858 2754 886 cen-

171 905 334 949 soribus
375 905 421 949 L.
464 904 643 947 Caecilio
689 906 854 948 Metello
898 906 1033 948 Dalm.
1076 913 1118 947 et
1148 905 1229 949 Cn.
1261 906 1444 949 Domitio
1476 903 1774 948 Ahenobarbo.
1838 904 1925 948 crr.
1956 906 2113 948 Plinius
2143 906 2190 948 L.
2223 906 2282 948 11.
2316 919 2357 949 c.
2392 908 2466 949 55.
2533 907 2594 948 De
2629 906 2753 948 rebus

171 975 316 1012 autem
359 967 402 1010 in
448 965 530 1010 hoc
575 968 817 1025 magistratu
862 968 1010 1025 gestis,
1060 966 1290 1010 admodum
1330 980 1467 1023 pauca
1515 966 1679 1009 concise
1729 966 1993 1022 reperiuntur
2037 968 2263 1010 memoriae
2299 967 2480 1025 prodita.
2557 969 2753 1012 Aurelius

172 1032 321 1077 Victor
367 1029 529 1073 scribit:
603 1030 774 1076 Consul
822 1029 968 1090 legem
1008 1029 1062 1072 de
1095 1027 1360 1086 sumptibus
1414 1035 1458 1070 et
1518 1028 1846 1070 libertinorum
1894 1027 2149 1088 suffragiis
2182 1030 2312 1075 tulit.
2379 1032 2430 1074 Et
2463 1032 2750 1088 sumptuariae

172 1093 345 1152 quidem
393 1093 582 1135 meminit
620 1093 775 1136 Plinius
821 1093 866 1136 L.
916 1092 1039 1137 VIII.
1086 1105 1126 1135 c.
1172 1093 1248 1134 57.
1301 1088 1417 1149 (82.)
1483 1088 1663 1133 Sorices
1703 1097 1747 1132 et
1780 1092 1906 1147 ipsos
1939 1091 2082 1134 ltieme
2113 1092 2270 1144 condi,
2304 1100 2468 1135 auctor
2499 1100 2568 1135 est
2597 1091 2753 1152 Nigi-

173 1155 309 1198 dius.-
357 1156 479 1197 sicut
515 1154 696 1214 glires,
748 1153 869 1213 quod
911 1154 1154 1198 Censoriae
1202 1153 1347 1211 leges,
1395 1151 1709 1210 Princepsque
1753 1152 1822 1195 Μ.
1869 1150 2073 1195 Scaurus
2121 1156 2175 1196 in
2218 1155 2486 1207 consulatu,
2528 1171 2619 1197 non
2650 1155 2749 1198 alio

172 1216 301 1260 modo
342 1218 491 1259 coenis
534 1215 762 1269 ademere,
812 1231 952 1275 quam
997 1214 1262 1271 conchylia,
1310 1221 1397 1256 aut
1442 1229 1495 1256 esa
1536 1214 1634 1256 alio
1681 1213 1784 1256 orbe
1823 1223 2052 1257 convectas
2091 1231 2207 1259 aves.
2272 1217 2395 1260 Unde
2435 1217 2639 1261 docemur
2673 1217 2752 1260 hac

170 1280 265 1336 lege
308 1279 514 1321 Scaurum
554 1279 750 1321 ciborum
794 1277 1076 1336 quorumdam
1112 1277 1236 1318 luxus
1261 1283 1525 1333 sumptuosos
1553 1291 1576 1317 a
1605 1277 1753 1318 mensis
1787 1277 1960 1320 votuisse
1989 1291 2149 1319 arcere.
2199 1277 2362 1321 cru-,1⁴1
2398 1280 2564 1321 Walter
2595 1279 2752 1324 Gesch.

172 1341 244 1383 des
288 1345 395 1383 ιὸιιι.
436 1342 489 1383 R.
539 1355 580 1396 p.
626 1342 734 1384 252.
798 1342 861 1383 De
904 1339 1199 1381 libertinorum
1239 1345 1383 1381 autem
1424 1338 1629 1394 suffragiis
1669 1336 1775 1395 qnid
1818 1338 1912 1395 lege
1943 1355 2014 1381 sua
2046 1340 2238 1381 statuerit
2276 1340 2487 1392 Scaurus,
2522 1341 2748 1384 obscurum

171 1402 312 1446 adhuc
355 1410 442 1444 est:
491 1416 587 1444 nam
629 1402 744 1459 apud
787 1403 889 1445 alios
935 1409 1127 1444 auctores
1166 1400 1253 1442 eius
1285 1401 1345 1442 rei
1377 1400 1492 1442 nulla
1526 1400 1732 1455 reperitur
1765 1402 1939 1444 mentio.
2003 1401 2111 1443 Fieri
2144 1408 2285 1443 tamen
2320 1409 2453 1458 potest
2488 1410 2533 1445 ut
2565 1403 2749 1446 Scaurus

169 1464 375 1508 libertinis
418 1464 618 1507 laxaverit
660 1463 955 1522 suffragiorum
1000 1461 1207 1514 habenas,
1252 1461 1350 1519 ipsis
1375 1461 1621 1518 Sempronia
1665 1462 1758 1518 lege
1789 1462 2014 1518 impositas.
2079 1462 2145 1505 Ti.
2182 1463 2294 1505 enim
2327 1463 2574 1515 Gracchus,
2611 1465 2752 1507 Grac-

171 1527 351 1570 chorum
400 1533 548 1583 pater,
595 1540 742 1570 censor
790 1542 829 1570 a.
882 1527 987 1569 585.
1022 1525 1245 1569 maximam
1293 1537 1439 1566 eorum
1475 1530 1663 1580 partem,
1696 1524 1773 1581 qui
1802 1524 1963 1566 scilicet
1993 1525 2237 1568 servitutem
2270 1528 2511 1579 servissent,
2544 1528 2588 1569 in
2622 1542 2751 1570 unam

170 1590 333 1633 tribum
385 1589 591 1632 urbanam
641 1589 899 1648 Esquilinam
949 1594 1147 1646 coegerat
1197 1601 1366 1638 omnes,
1419 1593 1466 1630 ut
1513 1587 1557 1629 in
1603 1586 1672 1628 illa
1715 1593 1882 1629 tantum
1914 1586 2112 1643 suffragia
2147 1585 2248 1631 dare
2281 1597 2460 1645 possent.
2528 1590 2618 1633 Iam
2654 1605 2749 1633 vero

170 1651 251 1695 hac
297 1651 392 1709 lege
439 1666 513 1693 sua
559 1652 615 1696 Μ.
673 1652 855 1696 Scaurus
903 1665 986 1696 cos.
1034 1650 1330 1708 suffragiorum
1375 1650 1437 1692 ius
1484 1650 1669 1706 priscum
1718 1649 1815 1705 ipsis
1862 1650 2082 1692 restituisse
2131 1650 2319 1703 videtur,
2367 1659 2407 1694 et
2455 1660 2605 1694 auctor
2635 1653 2748 1696 Cen-

169 1713 331 1758 soribus
373 1713 525 1765 fuisse,
574 1721 621 1757 ut
669 1713 809 1758 denuo
857 1714 1046 1757 libertini
1096 1714 1205 1756 cives
1252 1725 1420 1764 omues,
1465 1712 1525 1753 uti
1557 1712 1696 1768 prius,
1728 1712 1771 1753 in
1805 1719 1988 1770 quatuor
2022 1711 2191 1754 urbanis
2222 1714 2416 1756 tribubus
2450 1723 2746 1766 censerentur,

169 1777 451 1834 suffragiaque
482 1777 659 1820 ferrent.
722 1778 785 1820 Cf.
819 1776 1047 1819 Walterl.
1081 1789 1121 1819 c.
1156 1791 1198 1832 p.
1237 1777 1340 1817 123.

231 1840 291 1881 Ex
337 1838 554 1880 consulatu
600 1839 783 1881 Galliam
839 1838 1097 1893 provinciam
1148 1838 1275 1887 rexit,
1325 1844 1366 1879 et
1396 1836 1625 1895 Ligures,
1660 1844 1708 1879 ut
1738 1837 1882 1879 scribit
1912 1837 2014 1880 Aur.
2046 1838 2159 1883 Vict.
2192 1847 2235 1881 et
2264 1837 2509 1882 Gantiscos
2541 1840 2741 1890 domuin

169 1908 305 1958 atque
348 1899 400 1941 de
444 1899 521 1942 Itis
566 1899 898 1957 triumphavit.
963 1899 1047 1941 Sed
1096 1899 1271 1956 quinam
1320 1898 1505 1940 Gantisci
1554 1899 1700 1954 populi
1743 1899 1848 1950 sint,
1891 1898 2072 1941 dubium
2108 1909 2183 1943 est.
2246 1902 2445 1943 Attamen
2479 1902 2560 1943 hoc
2594 1904 2747 1959 quale-

169 1977 338 2020 cunque
383 1961 541 2018 bellum
585 1963 736 2013 fuerit,
786 1961 902 2003 haud
952 1959 1069 2002 valde
1115 1959 1328 2002 difficilem
1372 1959 1679 2016 expeditionem
1729 1959 1923 2002 habuisse
1971 1961 2163 2013 videtur,
2210 1977 2344 2033 quum
2384 1964 2567 2005 Scaurus
2599 1965 2748 2005 milites

169 2027 293 2065 etiam
340 2024 383 2065 in
434 2025 506 2065 viis
551 1993 779 2065 sternendis
822 2031 969 2080 atque
997 2022 1269 2064 exsiccandis·
1295 2021 1516 2076 paludibus
1566 2023 1813 2063 exercuerit.
1878 2022 2003 2065 Cuius
2051 2025 2109 2065 rei
2161 2025 2353 2066 meminit
2399 2025 2551 2067 Strabo
2595 2026 2643 2069 L.
2689 2026 2745 2070 V.

168 2100 208 2129 c.
258 2088 303 2127 8.
352 2100 395 2140 p.
441 2087 550 2128 217.
611 2083 737 2127 Πολι)
782 2082 828 2126 δὲ
875 2084 948 2124 καὶ
997 2087 1073 2137 τῆς
1120 2083 1241 2130 ἐντὸς
1271 2086 1345 2124 τοῦ
1377 2080 1534 2124 Πάδου
1567 2082 1789 2137 κατείχετο
1821 2082 1905 2124 ὑπὸ
1938 2080 2064 2135 ἑλῶν,
2100 2082 2158 2125 δι’
2190 2076 2253 2126 ὧν
2284 2083 2511 2141 Αννίβας
2546 2084 2745 2141 χαλεπῶς

167 2144 322 2199 διῆλθε
355 2145 521 2199 προῖὼν
557 2145 629 2187 ἐπὶ
661 2145 934 2199 Τυρρηνίαν·
961 2141 1062 2184 ἀλλ’
1102 2142 1299 2196 ἁνέψυξε
1331 2145 1388 2183 τὰ
1420 2141 1553 2185 πεδία
1580 2144 1604 2184 ὁ
1634 2145 1836 2197 Σκαῦρος
1870 2141 2085 2198 διωρυγαῒ
2067 2162 2102 2193 ις
2137 2144 2355 2198 πλωταῐᾞς
2390 2146 2477 2188 α’πό
2495 2153 2570 2188 τοῦ
2588 2146 2745 2189 Πάδου

166 2207 289 2265 μέχρι
345 2209 640 2263 Παρμηστῶν.
699 2209 813 2248 κατὰ
862 2207 944 2260 γὰρ
993 2203 1279 2248 Πλακεντίαν
1325 2205 1350 2245 ό
1397 2205 1586 2278 Τρεβίας
1632 2203 1891 2262 συμβάλλων
1938 2209 1998 2260 τῷ
2053 2205 2218 2262 Πάὸῳ,
2281 2209 2338 2256 ὥς
2406 2207 2471 2249 ἔτι
2532 2212 2744 2264 πρότερον

166 2268 295 2312 ἄλλοι
344 2267 520 2319 πλείους
570 2268 779 2325 πληροῦσι
828 2268 967 2323 πέραν
1013 2271 1089 2310 τοῦ
1135 2268 1328 2322 μετρίου·
1377 2257 1502 2315 οὗτο,
1553 2265 1599 2308 δὲ
1645 2267 1672 2307 ὁ
1713 2270 1913 2322 Σκαῦρος
1958 2268 2074 2310 ἐστίν
2107 2270 2132 2310 ό
2164 2273 2237 2310 καὶ
2271 2273 2352 2322 τὴν
2386 2271 2451 2311 Aa
2445 2269 2609 2323 μιλίαν
2642 2270 2744 2313 ὁδὸν

166 2334 381 2387 στρώσας,
432 2334 513 2385 τὴν
556 2329 630 2376 διὰ
675 2332 851 2374 Heroon
900 2330 975 2371 καὶ
1026 2330 1201 2384 Λούνης
1249 2327 1373 2386 μέχρι
1416 2329 1691 2385 Σαββάτων,
1741 2330 1983 2385 κ’ᾲντεῡθιν
2033 2328 2107 2370 διὰ
2154 2330 2404 2387 Δέρθωνος.
2455 2333 2522 2375 Ad
2552 2334 2744 2376 eamdem

166 2394 477 2450 expeditionem
526 2392 793 2437 referendum
844 2391 1010 2434 videtur
1056 2391 1295 2448 exemplum
1346 2392 1630 2434 continentiae
1674 2391 1889 2443 militaris,
1941 2392 2056 2450 quod
2100 2394 2207 2435 infra
2258 2395 2585 2436 memorabimus
2633 2396 2745 2437 inter

165 2458 416 2513 Fragmenta
477 2470 524 2499 ex
570 2449 770 2499 Frontino
819 2455 864 2499 L.
912 2454 1076 2500 1V.c.
1126 2456 1169 2498 3.
1218 2455 1292 2496 13.
1342 2452 1454 2496 unde
1502 2453 1580 2495 hoc
1626 2467 1798 2512 quoque
1841 2468 2042 2511 apparere
2088 2456 2282 2508 videtur,
2328 2456 2536 2499 Scaurum
2579 2459 2624 2499 in
2666 2457 2746 2499 hac

165 2518 430 2575 expeditione
458 2519 622 2576 saepius
648 2519 789 2560 locum
822 2524 1082 2559 mutasse..

226 2581 261 2623 E
313 2581 447 2623 Gallia
507 2581 670 2633 redux,
733 2587 780 2622 ut
827 2578 1021 2631 videtur,
1073 2593 1157 2621 non
1205 2577 1353 2635 effugit
1396 2578 1558 2620 solitam
1609 2584 1650 2620 et
1692 2592 1815 2634 saepe
1862 2577 2124 2621 iustissimam
2169 2580 2520 2636 magistratuum,
2568 2583 2643 2640 qui
2695 2598 2744 2624 ex

164 2643 385 2699 provinciis
429 2641 643 2693 redibant,
694 2642 1018 2685 accusationem.
1083 2641 1155 2683 Est
1202 2641 1316 2682 enim
1365 2638 1692 2697 repetundarum
1739 2648 1958 2682 accusatus
2000 2655 2024 2682 a
2070 2642 2126 2684 M.
2170 2642 2326 2685 Bruto.
2373 2657 2460 2700 qua
2501 2643 2554 2686 de
2600 2659 2643 2686 rc
2686 2646 2742 2686 ita

162 2703 309 2748 scribit
345 2704 491 2748 Cicero
524 2718 602 2762 pro
631 2674 807 2748 Fonteio
838 2717 879 2747 c.
916 2704 991 2746 13.
1021 2703 1097 2746 28.
1163 2701 1231 2746 Μ.
1265 2701 1524 2745 Aemilium
1554 2698 1803 2753 Scaurum,
1836 2716 2067 2745 summum
2096 2710 2283 2747 nostrae
2313 2705 2531 2748 civitatis
2563 2706 2742 2757 virum,

164 2768 336 2810 scimus
385 2773 651 2811 accusatum
709 2782 740 2812 a
783 2764 853 2809 M.
896 2763 1064 2809 Bruto.
1102 2763 1340 2809 Exstant
1388 2765 1643 2816 orationes,
1690 2778 1745 2806 ει
1788 2763 1955 2823 quihus
2003 2765 2222 2825 intelligi
2259 2774 2439 2825 potest,
2490 2767 2644 2810 multa
2691 2770 2744 2810 in

163 2829 306 2872 illum
336 2830 494 2887 ipsum
520 2828 751 2873 Scaurum
780 2842 872 2872 esse
901 2826 1061 2870 dicta.-
1073 2826 1241 2885 salec,
1268 2828 1377 2886 quis
1408 2827 1584 2886 negat?
1611 2841 1767 2868 verum
1800 2834 1951 2869 tamen
1985 2827 2043 2870 al>
2075 2829 2269 2871 inimico
2297 2830 2426 2872 dieta
2468 2836 2511 2872 et
2552 2831 2737 2873 obiecta.

161 2894 220 2934 Ex
263 2891 542 2942 orationibus,
589 2892 745 2950 quibus
788 2904 832 2933 se
877 2889 1093 2943 defendit,
1140 2889 1225 2932 duo
1266 2892 1503 2946 fragmenta
1545 2896 1766 2946 supersunt
1809 2888 1921 2945 apud
1968 2889 2201 2933 Charisium
2247 2908 2292 2949 p.
2337 2894 2414 2935 74.
2459 2900 2501 2934 et
2540 2895 2645 2937 124.

224 2956 347 2999 Anno
395 2955 504 2997 643.
552 2951 655 2997 dum
699 2953 859 3001 bellum
903 2953 949 2995 in
992 2950 1189 2996 Numidia
1241 2952 1465 3009 gerebatur
1508 2959 1654 2994 contra
1695 2950 1976 3008 Iugurtham,
2010 2953 2122 2995 inter
2153 2968 2221 2996 eos
2255 2955 2428 2997 maiores
2460 2963 2586 3006 natu,
2620 2955 2740 2998 nobi·

161 3018 245 3068 les,
294 3017 443 3073 amplis
484 3015 715 3060 bonoribus
763 3029 881 3066 neos,
929 3015 1006 3073 qui
1052 3022 1146 3057 tum
1192 3015 1237 3056 ιιι
1282 3014 1471 3057 Africam
1515 3014 1644 3071 legati
1679 3020 1804 3065 sunt,
1853 3013 1935 3056 fuit
1981 3015 2106 3057 etiam
2155 3015 2209 3058 M.
2255 3017 2464 3069 Scaurus,
2510 3019 2740 3061 consularis

160 3087 202 3121 et
240 3086 345 3124 tunc
389 3079 433 3121 ιιι
477 3085 623 3121 senatu
670 3076 885 3135 princeps;
936 3076 1041 3136 qui,
1089 3077 1119 3119 si
1163 3076 1361 3120 Sallustio
1400 3075 1503 3120 fides
1543 3075 1743 3118 habeatur
1782 3076 1826 3117 ιιι
1864 3075 2066 3149 Iugurth.
2111 3091 2150 3120 c.
2192 3079 2267 3121 29.
2309 3081 2501 3122 tametsi
2537 3095 2567 3123 a
2598 3082 2737 3138 prin-

159 3141 306 3198 cipio,
354 3140 593 3199 plerisque
638 3153 694 3183 ει
727 3137 940 3197 factione
986 3140 1089 3181 eius
1132 3140 1396 3212 corruptis,
1448 3139 1671 3181 acerrime
1718 3151 1873 3196 regem
1919 3139 2308 3198 impugnaverat,
2360 3148 2514 3184 tamen
2552 3145 2739 3202 magni-

160 3201 320 3258 tudine
355 3205 576 3261 pennice
618 3216 649 3253 a
696 3200 804 3245 bono
845 3200 1113 3260 honestoque
1160 3202 1214 3243 in
1238 3215 1442 3259 pravum
1474 3200 1737 3243 abstractus
1774 3206 1870 3252 est,
1901 3214 2037 3258 quum
2069 3215 2141 3243 rex
2173 3216 2321 3259 pacem
2361 3205 2488 3256 emit,
2521 3207 2732 3261 peritus,

161 3275 208 3309 ut
251 3266 398 3310 Florus
444 3266 503 3308 ait
545 3266 594 3309 L
637 3265 719 3309 111.
764 3278 804 3307 c.
848 3267 892 3307 1.
929 3262 1121 3323 fortius
1166 3263 1389 3307 adversus
1430 3261 1658 3306 Romanos
1701 3277 1874 3305 aurum
1920 3278 2039 3316 esse,
2089 3279 2230 3322 quam
2268 3264 2476 3323 ferrum.
2559 3269 2732 3319 Postea,

157 3344 292 3402 quum
336 3328 383 3373 C
430 3327 638 3372 Mamilius
687 3326 881 3379 tribunus
919 3326 1053 3386 plebis
1099 3327 1361 3384 rogationem
1404 3324 1459 3369 ad
1505 3325 1711 3384 populum
1757 3325 2119 3384 promulgaverat.
2167 3336 2214 3371 ut
2255 3337 2532 3387 quaereretur
2563 3331 2608 3374 in
2641 3346 2731 3383 eos,

158 3394 234 3452 qui
276 3395 319 3435 in
362 3390 642 3450 legationibus
689 3397 763 3443 aut
807 3391 992 3447 imperiis
1039 3390 1237 3447 pecunias
1276 3390 1558 3446 accepissent,
1603 3390 1751 3432 ceteris
1792 3396 1909 3431 metu
1953 3390 2179 3445 perculsis,
2228 3392 2410 3435 Scaurus
2454 3394 2563 3436 inter
2607 3395 2730 3436 lacti-

156 3458 276 3504 tiam
300 3454 456 3514 plebis,
494 3467 630 3512 quum
671 3467 723 3498 ex
764 3453 934 3502 Mamilii
976 3454 1189 3510 rogatione
1235 3459 1316 3495 tres
1361 3452 1612 3510 quaesitores
1646 3459 1921 3509 rogarentur,
1967 3450 2110 3494 effecit
2154 3461 2202 3495 ut
2243 3454 2334 3511 ipse
2370 3455 2415 3498 in
2461 3471 2511 3498 eo
2556 3470 2730 3498 numero

157 3527 386 3568 crearetur.
460 3515 558 3570 Quo
606 3515 747 3565 sacto,
771 3521 845 3557 ut
896 3530 1026 3572 saepe
1071 3513 1393 3567 nobilitatem,
1436 3521 1534 3558 sunt
1576 3512 1699 3557 verba
1745 3514 1929 3557 Sallustii
1973 3515 2017 3557 in
2061 3515 2159 3573 lug.
2207 3529 2247 3560 c.
2295 3518 2370 3563 40.
2416 3518 2475 3560 sic
2519 3532 2566 3561 ea
2614 3525 2730 3561 tem-

158 3587 314 3638 pestate
355 3578 522 3643 plebem
565 3592 621 3622 es
663 3575 875 3631 secundis
912 3576 1047 3622 rebus
1088 3576 1339 3641 insolentia
1375 3582 1570 3635 ceperat.
1633 3575 1740 3631 Sed,
1773 3575 1887 3635 quod
1923 3575 2004 3621 hac
2036 3578 2079 3621 in
2116 3592 2159 3622 re
2192 3592 2277 3623 nou
2309 3579 2612 3639 negligendum
2646 3587 2729 3634 est,
