3442 4094
241 1074 352 1160 Qua
401 1089 605 1134 modestia
634 1103 763 1134 -nunc
807 1088 895 1135 sere
940 1089 1130 1136 homines
1179 1093 1326 1150 optimi
1369 1106 1462 1137 suas
1510 1092 1590 1150 ipsi
1637 1089 1784 1135 laudes
1822 1091 2099 1149 pronuntiare
2131 1100 2359 1145 verentur,
2392 1104 2484 1137 eam·
2518 1093 2763 1138 modestiam

178 1154 354 1199 Veteres
393 1168 560 1211 prorsus
606 1153 803 1197 videntur
850 1156 1134 1212 ignoravisse3
1183 1157 1297 1207 imo,
1347 1155 1471 1198 multi
1498 1156 1643 1211 elim,
1689 1162 1778 1196 tam
1825 1153 1940 1211 apud
1983 1154 2169 1197 Graecos
2211 1171 2339 1214 quam
2372 1156 2487 1214 apud
2520 1158 2762 1209 Romanos,

181 1230 267 1274 qua
308 1224 427 1258 erant
471 1217 601 1259 animi
643 1216 965 1274 magnitudine,
1015 1230 1132 1260 suam
1180 1220 1260 1275 ipsi
1307 1220 1503 1260 virtutem
1550 1218 1634 1259 sive
1676 1217 1797 1258 dictis
1832 1218 1918 1258 sive
1965 1219 2131 1274 scriptis
2171 1218 2521 1274 praedicaverunt
2554 1222 2763 1278 simplici-

180 1286 277 1320 ter:
326 1277 456 1336 idque
505 1277 560 1319 ab
607 1279 854 1336 aequalibus
898 1289 983 1321 non
1011 1279 1500 1337 arrogantiae'videmus
1536 1279 1664 1320 fuisse
1710 1276 1950 1330 tributum,
1991 1279 2062 1320 sed
2109 1280 2247 1331 multo
2304 1282 2439 1338 magis
2486 1288 2626 1322 rectae
2660 1296 2765 1324 con·

178 1340 392 1383 scientiae.
471 1340 681 1383 Noverant
741 1341 802 1383 illi
852 1341 1027 1399 quidem
1083 1343 1171 1384 sine
1212 1342 1370 1393 dubio,
1414 1342 1458 1384 id
1503 1341 1619 1399 quod
1664 1340 1813 1383 Cicero
1852 1339 1989 1382 filium
2036 1355 2160 1382 suum
2204 1341 2359 1393 docet,
2407 1340 2627 1396 Deforme
2674 1361 2766 1385 eece

186 1401 239 1446 de
284 1418 330 1446 ee
383 1404 540 1459 ipsum
585 1400 859 1460 praedicare
877 1437 889 1455 ,
939 1402 1082 1462 salsa
1120 1405 1432 1461 praesertim,
1475 1410 1520 1447 et
1566 1418 1671 1446 eum
1711 1402 1939 1445 irrisione
1984 1399 2277 1446 audientium
2320 1405 2516 1448 imitari
2561 1404 2766 1449 militem

175 1464 466 1524 gloriosum,
520 1463 723 1523 quodque
783 1466 888 1509 item
945 1462 1184 1522 Xenophon
1245 1465 1392 1509 dixisse
1436 1464 1595 1507 dicitur
1640 1462 1782 1518 Αὐτῷ
1827 1462 1908 1516 μὲν
1952 1462 1978 1503 o‘
2010 1461 2116 1518 παρ’
2164 1462 2311 1506 ἄλλων
2355 1464 2538 1515 ἔπαινος
2587 1464 2763 1519 ἣδιστον

180 1526 465 1580 ἀκουσμάτων
512 1522 664 1578 ἔστὶν,
710 1524 874 1581 ἑτέροις
923 1523 990 1568 δὲ’
1012 1526 1039 1567 ὁ
1081 1525 1184 1581 περι·
1218 1526 1384 1580 αὐτοῦ,
1417 1523 1754 1581 λυπηρότατον
1784 1538 1932 1580 verum
1965 1531 2107 1567 tamen
2156 1525 2469 1570 arbitrabantur
2517 1527 2645 1571 iidem
2682 1531 2765 1575 Ve-

180 1595 315 1642 teres,
360 1601 479 1647 posse
526 1587 756 1648 aliquando
805 1601 884 1631 usu
926 1589 1070 1632 venire
1089 1620 1102 1640 ,
1136 1595 1188 1632 ut
1232 1589 1323 1632 viro
1365 1589 1410 1632 in
1454 1602 1501 1631 re
1543 1586 1717 1646 publica
1759 1586 1941 1630 versanti
1974 1585 2222 1632 audendum
2252 1590 2304 1632 sit
2332 1588 2385 1633 de
2415 1591 2574 1648 seipso
2604 1591 2766 1652 aliquid

180 1651 353 1703 dicere,
403 1664 488 1693 non
534 1651 692 1708 gloriae
735 1651 858 1693 ullius
903 1658 977 1693 aut
1020 1652 1178 1710 gratiae
1221 1651 1452 1709 captandae
1492 1664 1662 1701 causa,
1689 1648 1761 1692 sed
1806 1648 1909 1708 quia
1956 1651 2121 1692 occasio
2166 1659 2208 1693 et
2252 1666 2314 1694 res
2347 1654 2406 1694 ita
2444 1654 2688 1710 postulent,
2720 1664 2767 1698 ut

181 1714 291 1756 sicut
334 1713 387 1755 de
421 1713 504 1755 alio
551 1728 676 1765 vera,
699 1714 776 1754 -ita
820 1713 874 1755 de
918 1728 961 1755 se
1006 1715 1095 1770 ipso
1137 1714 1262 1755 etiam
1306 1714 1514 1771 proferat:
1557 1713 1738 1755 maxime
1784 1727 1921 1770 quum
1963 1711 2017 1754 ad
2049 1728 2243 1769 praesens
2274 1716 2515 1757 institutum
2542 1719 2764 1759 commode

182 1776 304 1818 cadat
322 1807 334 1826 ,
365 1783 413 1817 ut
443 1774 675 1816 liberaliter
702 1774 978 1831 profiteatur,
1014 1789 1100 1816 esse
1121 1774 1282 1833 aliquid
1312 1790 1337 1817 a
1367 1791 1410 1818 se
1443 1781 1605 1831 gestum
1638 1789 1725 1833 quo
1759 1773 1812 1815 de
1843 1774 2005 1816 civibus
2030 1776 2115 1816 suis
2140 1776 2251 1818 bene
2278 1778 2332 1818 sit
2363 1779 2551 1821 meritus.

246 1838 464 1895 Explicuit
505 1835 622 1880 hunc
656 1836 808 1880 'locum
856 1835 1140 1890 Plutarchus,
1189 1838 1236 1881 in
1277 1838 1479 1895 opusculo
1520 1837 1631 1893 Περὶ
1672 1838 1751 1878 τοῦ
1794 1834 1954 1890 ἑαυτὸν
2000 1837 2203 1899 ἔπαινςῒν
2252 1837 2595 1893 ἀνεπιφθόνως,
2646 1842 2763 1899 quod

186 1900 350 1944 editum
380 1900 535 1957 legitur
575 1900 683 1943 inter
718 1899 858 1957 Opera
897 1899 1066 1943 Moralia
1104 1914 1148 1957 p.
1194 1896 1456 1943 539—547.
1501 1898 1568 1943 ed.
1620 1898 1815 1943 Francos.
1859 1898 2003 1941 multis
2038 1913 2088 1942 ex
2129 1898 2296 1944 historia
2324 1902 2554 1959 praecipue
2599 1903 2763 1947 Graeca

183 1964 323 2021 petitis
346 1963 547 2019 exemplis
574 1961 728 2006 docens
745 1992 760 2014 ,
793 1976 879 2020 qua
910 1962 1005 2021 quis
1036 1963 1195 2005 ratione
1228 1963 1334 2006 citra
1364 1960 1565 2005 invidiam
1593 1976 1635 2004 se
1664 1963 1805 2019 ipsum
1832 1960 2004 2004 laudare
2036 1962 2178 2018 possit.

218 2025 363 2078 *Inter
398 2026 529 2069 ‚iustas
566 2022 843 2082 honestasque
878 2037 1020 2067 causas
1038 2057 1051 2075 ‚
1094 2024 1171 2067 ubi
1201 2025 1294 2083 quis
1320 2023 1480 2083 absque
1510 2024 1637 2081 eulpa
1670 2021 1999 2081 reprehensionis
2029 2038 2126 2066 suus
2157 2025 2246 2082 ipse
2273 2025 2464 2069 laudator
2495 2041 2580 2070 esse
2609 2031 2759 2085 possit,

182 2088 367 2145 primum
413 2087 592 2130 refertur
635 2087 668 2129 si
706 2086 837 2129 faciat
874 2084 957 2129 hoc
987 2087 1224 2130 calumniae
1250 2094 1325 2130 aut
1352 2087 1629 2130 accusationis
1656 2084 1927 2143 depellendae
1956 2086 2116 2142 gratia;
2150 2087 2511 2145 quemadmodum
2554 2090 2731 2142 Pericles
2749 2125 2761 2143 ‚

182 2150 260 2194 ubi
307 2149 499 2194 dixerat:
542 2145 704 2190 Καίτοι
744 2145 839 2202 ἐμοὶ
881 2148 1067 2204 τοιούτῳ
1107 2145 1237 2204 ἀνδρὶ
1278 2146 1537 2205 ὀργίζεσθε,
1583 2148 1630 2197 ὃς
1665 2145 1840 2196 οὐδενὸς
1890 2147 2030 2200 ἥσσων
2074 2147 2222 2202 οἴομαι
2270 2144 2386 2193 εἶναι
2420 2151 2594 2203 γνῶναί
2624 2167 2671 2195 τε
2705 2154 2761 2194 τὰ

185 2210 371 2265 δέοντα,
420 2210 495 2252 ναὶ
543 2211 798 2265 ἑρμηνεῦσαι
839 2213 1008 2263 ταῦτα,
1043 2207 1275 2264 φιλόπολίς·
1304 2224 1351 2253 τε
1383 2211 1460 2252 ναί
1490 2213 1716 2267 χρημάτων
1746 2209 1966 2265 κρείσσων,
1999 2211 2084 2252 non
2120 2211 2245 2254 modo
2276 2214 2437 2257 crimen
2467 2217 2760 2272 arrogantiae,

186 2275 382 2317 vanitatis
408 2281 450 2316 et
478 2272 717 2315 ambitionis
745 2271 894 2330 effugit
921 2280 1026 2314 tunc
1055 2272 1108 2315 de
1133 2287 1176 2316 se
1200 2271 1425 2331 magnifice
1455 2272 1672 2332 loquendo
1690 2304 1702 2325 ,
1730 2271 1799 2314 sed
1831 2280 1873 2314 et
1903 2272 2168 2315 altitudinem
2202 2276 2331 2317 animi
2359 2283 2402 2318 et
2427 2276 2591 2319 virtutis
2617 2278 2760 2321 deela-

186 2337 295 2380 ravit
326 2335 687 2394 magnitudinem,
715 2348 766 2376 eo
795 2335 886 2391 ipso
918 2334 1119 2383 invidiam
1157 2336 1460 2391 opprimentis,
1488 2335 1605 2392 quod
1637 2334 1764 2377 deiici
1787 2347 1830 2376 se
1858 2341 1901 2375 et
1930 2334 2073 2391 frangi
2107 2350 2191 2377 non
2225 2344 2286 2379 est
2316 2353 2447 2394 passa.
2514 2339 2622 2381 'rum
2664 2356 2762 2383 vero

179 2400 421 2442 testimonio
466 2406 528 2440 est
571 2397 892 2453 Epaminondas.
955 2397 1063 2439 Nam
1098 2396 1341 2453 Pelopidam
1390 2396 1566 2456 quidem
1612 2413 1637 2440 a
1682 2394 1945 2454 principibus
1989 2399 2050 2439 rei
2090 2398 2284 2455 publicae
2318 2408 2561 2443 accusatum
2580 2434 2591 2454 ,
2646 2405 2762 2462 quod

186 2468 330 2504 exacto
359 2468 549 2517 tempore
578 2462 655 2511 τῆς
686 2458 998 2515 Βοιωταρχίας
1025 2457 1108 2501 non
1140 2460 1276 2502 statim
1308 2457 1719 2511 domum-rediisset,
1749 2458 1821 2501 sed
1850 2459 1894 2500 in
1926 2459 2174 2502 Laconicam
2207 2462 2420 2518 irrupisset
2452 2477 2503 2505 ac
2537 2465 2760 2508 Messenam

181 2522 514 2576 instauravisset,
562 2520 881 2569 submittentem
911 2534 954 2564 se
986 2527 1029 2564 et
1060 2520 1358 2578 deprecantem
1389 2519 1580 2564 Thebani
1609 2534 1736 2578 aegre
1751 2517 2045 2564 absolverunt.
2107 2522 2186 2571 At.
2217 2530 2363 2566 contra
2395 2524 2762 2581 Epaminondam,

185 2586 262 2645 qui
306 2586 395 2630 eius
432 2591 527 2628 tum
562 2582 702 2627 fuerat
734 2583 918 2640 collega,
959 2583 1093 2627 multa
1140 2582 1193 2626 de
1238 2583 1364 2627 rebus
1396 2584 1480 2627 suis
1524 2584 1648 2641 gestis
1685 2580 1911 2641 magnifice
1959 2582 2274 2640 praedicantem
2294 2618 2306 2638 ,
2351 2600 2538 2646 eumque
2584 2591 2763 2633 orationi

186 2648 316 2692 finem
362 2649 675 2706 imponentem,
719 2652 767 2689 ut
809 2645 991 2688 diceret:
1036 2645 1099 2695 ὥς
1122 2642 1296 2700 ’ἕτοιμός
1324 2644 1443 2688 ἔστιν
1475 2645 1804 2698 ἀποθνήσκειν,
1837 2645 1896 2687 ἂν
1922 2642 2243 2699 ὁμολογήσωσιν
2275 2648 2344 2691 ὅτι
2378 2650 2459 2703 τὴν
2494 2652 2761 2705 Λακωνικὴν

186 2708 477 2766 διεπόρθησε,
511 2708 586 2750 ,αι
615 2710 697 2761 ‘²¹1⁹
732 2710 971 2762 Μεσσήνην
1000 2707 1145 2763 ᾤκισέ,
1167 2708 1242 2748 καὶ
1274 2705 1532 2763 συνέστησεν
1573 2705 1832 2763 Ἀρκαδίαν
1875 2707 2073 2749 ἀκόντων
2120 2709 2329 2763 ἐκείνων,
2364 2725 2448 2755 non
2475 2715 2759 2757 sustinuerunt

182 2772 314 2815 iidem
355 2773 416 2814 ire
452 2773 496 2814 in
537 2769 761 2833 suffragia,
792 2770 862 2812 sed
896 2770 1169 2812 admiratione
1197 2771 1273 2812 viri
1309 2769 1462 2827 gaudio
1489 2770 1612 2812 simul
1639 2772 1808 2828 risuque
1836 2769 1986 2813 oborto
2015 2770 2302 2816 discesserunt.

244 2835 338 2879 Non
386 2840 529 2878 autem
571 2832 651 2876 reis
691 2832 893 2876 duntaxat
927 2840 969 2875 et
998 2833 1044 2875 in
1076 2833 1267 2891 periculo
1292 2832 1552 2885 constitutis,
1584 2831 1655 2875 sed
1685 2833 1810 2876 etiam
1838 2833 1887 2875 iis
1917 2832 1993 2891 qui
2023 2834 2067 2875 in
2101 2834 2288 2893 ali-quam
2318 2835 2559 2880 inciderunt
2588 2838 2762 2882 calami·

183 2905 316 2941 tatem
336 2930 347 2949 ,
390 2896 587 2939 iactantia
625 2901 667 2936 et
692 2895 820 2936 fastus
851 2896 1070 2947 convenit,
1102 2896 1235 2952 magis
1263 2908 1393 2952 quam
1422 2909 1557 2954 quum
1582 2895 1703 2937 rebus
1728 2901 1910 2937 utuntur
1935 2895 2156 2938 secundis:
2191 2897 2236 2938 bi
2266 2899 2379 2940 enim
2413 2899 2541 2940 veluti
2575 2903 2763 2958 arripere

184 2960 361 3018 gloriam
387 2966 429 3001 et
460 2956 681 2999 ambitioni
711 2970 810 2999 suae
842 2957 1066 3013 indulgere
1104 2956 1332 3009 videntur,
1350 2957 1424 2998 sni
1453 2958 1601 3014 procul
1632 2958 1688 2998 ab
1718 2956 1959 3013 arrogantia
1990 2957 2048 2999 ob
2077 2959 2275 3014 temporis
2309 2960 2515 3002 rationem
2547 2961 2761 3014 deiuncti,

184 3035 399 3079 etuergere
443 3019 638 3062 adversus
679 3019 987 3074 opprimentem
1030 3018 1277 3071 fortunam,
1323 3030 1374 3060 ac
1415 3018 1752 3075 magnitudinem
1792 3018 1922 3060 animi
1969 3018 2144 3069 fulcire,
2182 3021 2441 3080 omninoque
2487 3023 2639 3080 sugere
2683 3025 2763 3066 ad-'

183 3096 394 3127 versurum
429 3094 568 3125 rerum
595 3080 901 3123 miserationem
932 3079 1353 3140 deplorationemque
1379 3081 1683 3130 existimantur.
1746 3079 1837 3123 Hoc
1868 3079 2031 3123 scilicet
2076 3079 2203 3124 modo
2246 3083 2453 3127 Homerus
2485 3085 2726 3129 Patroclum
2748 3119 2761 3138 ,

183 3144 448 3189 moderatum
489 3152 532 3186 et
571 3142 754 3185 invidiae
794 3150 1006 3199 expertem
1053 3144 1099 3185 in
1150 3157 1194 3185 re
1226 3138 1465 3200 praeclare
1488 3142 1700 3200 gerenda,
1722 3143 1769 3185 in
1799 3150 1935 3185 morte
1962 3143 2266 3201 facit-gloriose
2293 3145 2531 3191 dicentem:

835 3258 1040 3308 Τοιοῦτοι
1073 3262 1114 3307 δ’
1149 3255 1271 3322 tineo
1300 3279 1373 3321 μσι
1406 3266 1592 3309 ἐείκοσιν
1625 3261 1950 3322 ἀντεβόλησαν,
2014 3282 2016 3284 ’

840 3330 1017 3375 Πάντες
1045 3329 1105 3371 ἂν
1139 3327 1298 3370 αὐτόθ’
1329 3326 1512 3381 ὀλοντο,
1544 3329 1632 3383 ἐμῷ
1662 3328 1748 3369 ὑπὸ
1781 3325 1906 3382 δουρί
1937 3324 2166 3381 δαμέντες.

243 3459 298 3504 Bt
346 3454 558 3507 Phocion,
606 3461 848 3501 mansuetus
870 3454 1021 3509 ·alias,
1068 3461 1288 3515 postquam
1335 3454 1555 3499 damnatus
1587 3454 1695 3507 fuit,
1744 3468 1882 3512 quum
1928 3452 2074 3497 multis
2119 3453 2209 3498 aliis
2256 3453 2426 3499 indiciis
2454 3470 2573 3501 suam
2606 3456 2762 3505 detexit

178 3520 600 3582 magnanimitatem,
647 3519 741 3560 tum
787 3515 958 3561 cuidam
1006 3532 1184 3571 eorum,
1234 3518 1312 3578 qui
1360 3532 1443 3562 una
1489 3517 1684 3561 morituri
1730 3524 1878 3568 erant,
1925 3516 2101 3561 eiulanti
2143 3525 2184 3562 et
2234 3521 2415 3578 graviter
2461 3533 2603 3565 casum
2638 3539 2765 3570 suum

185 3585 374 3631 fetenti:
407 3582 467 3626 Τί
499 3578 658 3633 linae,-
689 3581 852 3640 inquit,
888 3579 966 3625 οὖν
998 3580 1175 3638 ἀγαπᾷς
1206 3580 1501 3636 ἀποθνήσκων
1534 3581 1643 3635 μετὰ
1674 3581 1912 3629 Φωκίωνος
1927 3594 1945 3632 ,·
2466 3647 2490 3690 1
