3442 4094
637 112 672 125 ⁶
1499 103 1561 153 15

229 253 385 298 mm„
420 246 469 287 P.
512 240 751 299 Sulpicium
802 238 995 282 tribunus
1039 237 1199 296 plebis,
1242 237 1384 296 legem
1427 237 1527 279 tulit
1574 236 1631 279 ad
1673 238 1905 296 populum,
1949 252 2034 297 qua
2078 239 2221 281 Sullae
2268 240 2498 297 imperium
2529 241 2818 299 abrogaretur,

229 317 273 355 et
325 308 378 352 C.
427 304 590 357 Barim·
644 310 738 363 post
787 303 913 348 Lxx.
957 316 1119 347 anuum
1146 301 1310 344 ‘omnia
1358 301 1535 358 imperia
1583 308 1625 344 et
1674 316 1819 345 omnes
1863 303 2100 361 provincias
2148 303 2488 361 concupiscenti,
2539 311 2653 344 extra
2702 306 2818 347 ordi-

228 383 327 415 nem
375 369 678 413 decerneretur
718 367 879 411 bellum
925 365 1276 409 Mithridaticum.
1340 364 1449 404 Tum
1494 364 1636 417 Sulla,
1685 372 1902 408 contracto
1945 368 2130 408 exercitu
2172 367 2224 408 ad
2275 366 2431 409 Urbem
2474 367 2608 417 redit,
2644 382 2818 424 eamque

231 434 356 475 umis
402 431 611 488 occupat,
674 431 812 487 legem
869 429 1046 485 Sulpicii
1091 427 1226 476 tollit,
1277 426 1450 481 eiusque
1493 433 1710 468 auctorem
1760 441 1858 470 cum
1910 429 1955 472 C.
2006 430 2136 471 Mario
2185 438 2224 472 et
2274 430 2422 471 decem
2473 430 2564 471 aliis
2618 429 2752 470 hostes
2796 446 2820 470 a

230 498 389 537 Senatu
433 494 611 536 indicari
659 493 806 543 iubet;
856 490 1009 534 deinde
1054 488 1106 530 ad
1149 486 1311 529 betium
1361 500 1460 528 cum
1506 486 1743 530 Mithridate
1776 490 2009 545 gerendum
2042 491 2338 546 proficiscitur.
2405 493 2516 548 Ergo
2548 507 2650 534 cum
2687 493 2816 548 quin-

229 571 315 614 que
369 555 610 614 legionibus
663 554 901 611 proiectus,
956 564 1039 607 per
1086 547 1335 592 Thessaliam
1383 554 1513 605 atque
1556 548 1765 593 Aetoliam
1809 552 2025 607 pecuniis,
2075 553 2234 595 auxiliis
2285 560 2325 595 et
2368 553 2672 597 commeatibus
2715 567 2817 596 con-

227 618 390 671 tractis,
455 617 751 675 Boeotiisque,
814 615 891 672 qui
947 612 1003 656 ad
1054 609 1339 654 Mithridatem
1400 609 1668 662 defecerant,
1715 612 1758 653 iu
1804 612 1932 655 fidem
1986 615 2190 670 receptis,
2242 615 2460 658 contendit
2506 619 2547 658 in
2598 617 2813 667 Atticam,

226 682 510 740 Piraeumque
555 677 850 737 oppugnavit,
899 681 945 718 ut
992 672 1202 718 Archelao
1246 673 1480 724 resisteret,
1529 685 1659 730 quem
1704 672 1960 716 Mithridates
2005 687 2105 716 cum
2152 678 2339 718 exercitu
2388 679 2430 719 in
2472 678 2691 721 Graeciam
2727 681 2813 721 mi-

224 751 334 788 serat
379 752 425 788 ut
468 743 655 788 Athenas
697 744 940 796 occuparet.
1006 736 1124 779 Sulla
1169 734 1342 785 audito,
1390 748 1476 792 quo
1525 735 1725 777 facillime
1770 736 1864 778 loco
1910 736 2009 778 urbs
2056 738 2150 793 capi
2195 747 2353 794 posset,
2398 739 2585 782 Athenas
2617 741 2814 782 Kalendis

228 808 384 857 Martiis
429 821 469 849 a.
515 806 624 847 667.
675 803 714 843 vi
763 801 1045 858 expugnavit,
1094 799 1214 855 pulso
1264 795 1486 839 Archelao.
1552 798 1687 848 Hinc,
1750 813 1803 840 ne
1861 813 1936 855 per
2000 801 2180 856 regionis
2225 802 2482 843 sterilitatem
2536 804 2676 859 iuopia
2720 818 2814 858 pre-

227 877 440 921 meretur,
488 867 674 909 Atticam
720 864 918 922 reliquit,
969 869 1012 903 et
1056 861 1252 903 translato
1298 861 1343 901 in
1385 859 1600 901 Boeotiam
1652 860 1787 912 bello,
1838 861 2119 913 Archelaum,
2170 865 2360 920 quamvis
2404 866 2587 906 militum
2638 880 2812 906 numero

227 934 355 988 longe
413 931 694 986 superiorem,
756 926 810 968 ad
870 926 1150 967 Chaeroneam
1212 922 1417 965 acerrimo
1479 922 1640 979 proelio
1697 923 1831 965 fudit:
1882 925 1925 965 in
1975 941 2061 982 quo
2109 941 2245 982 quum
2290 942 2432 969 caesus
2481 936 2585 969 esset
2636 944 2812 983 magnus

227 994 413 1036 hostium
476 1004 700 1040 numerus,
761 988 908 1039 Sulla,
976 988 1038 1029 uti
1097 984 1274 1044 quidem
1334 986 1422 1041 ipse
1480 986 1707 1027 memoriae
1754 985 1966 1042 prodidit,
2012 988 2245 1031 secundum
2294 988 2570 1032 Plutarchum
2612 990 2656 1031 in
2705 990 2810 1032 Sull.

227 1072 272 1114 p.
324 1056 429 1097 464.
475 1054 524 1097 E.
574 1067 622 1095 ex
671 1051 752 1094 suis
799 1049 1023 1094 duodecim
1072 1055 1236 1091 tantum
1286 1045 1550 1091 desideravit.
1613 1047 1835 1092 Thebanos
1885 1047 2066 1102 deinde,
2133 1050 2286 1108 quibus
2347 1052 2630 1095 infestissimus
2692 1060 2810 1102 erat,

228 1118 339 1160 male
385 1117 631 1166 mulctavit,
681 1122 746 1166 et,
796 1114 943 1156 deletis
989 1111 1042 1153 ad
1089 1110 1409 1154 Orchomenum
1453 1109 1650 1153 Archelai
1696 1113 1825 1169 copiis
1873 1120 1913 1154 et
1960 1113 2152 1170 Dorylai,
2204 1115 2373 1156 alterius
2430 1115 2614 1158 hostium
2669 1115 2810 1164 ducis,

229 1179 488 1237 direptisque
535 1177 730 1222 Boeotiae
777 1174 963 1234 oppidis,
1023 1174 1067 1217 in
1116 1172 1368 1217 Thessaliam
1415 1171 1736 1218 hiematumoe
1782 1175 1974 1221 eontulit.
2039 1176 2243 1234 Sequenti
2292 1184 2434 1222 autem
2482 1190 2621 1230 anno,
2673 1191 2808 1237 quum

227 1241 460 1287 Archelaus
510 1241 743 1284 nuntiasset
798 1239 965 1290 Sullae,
1022 1238 1126 1280 velle
1182 1250 1225 1278 se
1280 1236 1333 1278 de
1382 1249 1489 1293 pace
1537 1251 1691 1294 agere,
1748 1245 1958 1281 conventu
2000 1239 2114 1296 apud
2161 1241 2326 1282 Delium
2371 1241 2544 1292 habito,
2595 1241 2647 1282 de
2698 1243 2810 1297 pacis

228 1305 540 1349 conditionibus
600 1305 710 1345 iuter
763 1317 835 1345 eos
893 1302 1119 1343 convenit:
1187 1299 1339 1341 deiude
1394 1300 1523 1340 etiam
1578 1314 1677 1341 cum
1737 1301 1974 1343 Mithridate
2019 1316 2287 1358 congressum
2332 1303 2482 1345 habuit
2530 1304 2714 1345 Dardani
2765 1304 2809 1344 in

228 1367 412 1420 Troade,
474 1369 517 1409 in
578 1380 666 1424 quo
723 1366 840 1407 Sulla
884 1379 982 1406 vere
1026 1364 1217 1406 Romano
1259 1370 1301 1404 et
1346 1360 1516 1418 superbi
1562 1363 1729 1405 victoris
1771 1378 1887 1406 more
1935 1379 1977 1406 se
2025 1366 2162 1421 gessit.
2227 1366 2467 1423 Utrumque
2515 1367 2806 1422 colloquium,

227 1437 435 1473 servatum
489 1445 513 1471 a
571 1427 831 1477 Plutarcho,
894 1441 991 1468 mox
1057 1426 1283 1467 reseremus
1339 1425 1450 1465 inter
1511 1423 1791 1480 Fragmenta,
1852 1434 2001 1482 utpote
2054 1428 2179 1469 facile
2229 1427 2446 1470 credentes
2494 1429 2699 1470 Heerenio
2756 1428 2807 1469 de

229 1493 395 1535 Fontib.
459 1499 502 1534 et
561 1497 723 1532 auctor.
789 1490 925 1533 Vitar.
983 1487 1135 1530 Parati.
1192 1484 1407 1536 Plutarchi
1467 1500 1513 1541 p.
1564 1488 1666 1528 152.
1716 1488 1905 1543 opinanti
1950 1488 2226 1530 Plutarchum
2274 1490 2375 1540 ista,
2426 1504 2684 1547 quamquam
2726 1504 2808 1531 non

228 1555 441 1598 nominato
472 1554 616 1602 fonte,
650 1550 830 1593 hausisse
862 1563 910 1591 ex
944 1547 1211 1606 ipsisSullae
1243 1547 1570 1588 commentariis.

288 1618 425 1658 Finito
463 1617 618 1672 *igitur
695 1617 802 1654 intra
862 1613 1093 1653 triennium
1152 1610 1264 1651 bello
1322 1610 1555 1659 acerrimo,
1615 1613 1839 1666 quominus
1893 1613 2111 1654 confestim
2154 1615 2197 1655 in
2238 1616 2412 1670 patriam
2460 1615 2614 1656 rediret
2661 1616 2805 1661 Sulla,

227 1679 379 1720 turbae
427 1676 740 1733 impediverunt
784 1675 939 1717 civiles.
1005 1672 1120 1714 Fuit
1167 1672 1306 1723 enim,
1356 1678 1404 1712 ut
1452 1671 1597 1713 Cicero
1640 1673 1781 1715 scribit
1832 1674 1876 1715 in
1919 1674 2050 1717 Bruto
2078 1689 2118 1717 c.
2154 1677 2226 1718 63.
2266 1678 2370 1720 227.
2405 1678 2531 1719 inter
2557 1675 2811 1734 profectio-

227 1756 329 1783 nem
385 1739 675 1795 reditumque
735 1735 926 1786 Sullae,
988 1736 1087 1777 eine
1146 1735 1250 1776 iure
1297 1740 1341 1775 et
1382 1733 1481 1775 eine
1528 1733 1627 1775 ulla
1674 1734 1910 1794 dignitate
1958 1751 2032 1778 res
2070 1737 2275 1794 publica.
2341 1740 2437 1782 Post
2486 1740 2636 1782 multas
2682 1740 2812 1796 igitur

227 1803 398 1846 demum
459 1814 650 1859 pugnas,
705 1814 743 1842 a.
788 1800 895 1841 672.
943 1797 1074 1839 altera
1122 1797 1212 1838 vice
1260 1795 1417 1838 Urbem
1466 1809 1514 1837 ex
1558 1797 1827 1840 inimicorum
1873 1800 2065 1841 manibus
2116 1802 2297 1856 recepit:
2361 1802 2540 1844 Marium
2590 1815 2812 1858 erumpere

226 1870 458 1907 tentantem
509 1862 693 1919 repulit:
749 1861 985 1917 Carbonem
1040 1859 1163 1899 Italia
1225 1859 1412 1913 expulit:
1475 1867 1807 1917 recuperataque
1875 1875 1917 1902 re
1965 1862 2167 1916 publica,
2216 1863 2544 1917 pulcherrimam
2593 1865 2811 1904 victoriam

229 1925 506 1978 crudelitate,
556 1931 715 1982 quanta
756 1923 798 1965 in
841 1921 958 1966 nullo
1006 1920 1229 1963 hominum
1269 1920 1381 1971 fuit,
1431 1920 1697 1977 inquinavit;
1752 1929 1848 1964 octo
1892 1923 2075 1965 millibus
2119 1923 2360 1966 deditorum
2399 1927 2441 1966 in
2493 1926 2588 1967 villa
2637 1925 2809 1981 publica

227 1988 473 2040 trucidatis,
516 1987 923 2045 proscriptionisque⁴
954 1984 1098 2026 tabula
1139 1985 1382 2039 proposita,
1417 1983 1574 2025 Urbem
1627 1998 1678 2025 ac
1720 1992 1852 2027 totam
1895 1986 2062 2028 Italiam
2092 1986 2291 2029 caedibus
2322 1988 2510 2044 replevit.
2575 1988 2671 2042 Quo
2697 1989 2811 2030 sacto

230 2066 362 2112 quum
408 2065 552 2094 omnes
594 2049 755 2093 Sullam
802 2050 1146 2099 extimescerent,
1192 2046 1330 2087 omnia
1375 2045 1516 2088 Sullae
1564 2054 1660 2088 acta
1705 2055 1790 2090 tam
1817 2048 2004 2091 Consulis
2047 2064 2177 2108 quam
2222 2051 2487 2093 Proconsulis
2531 2059 2617 2092 rata
2667 2050 2811 2092 habita

230 2123 326 2159 sunt
375 2130 424 2157 ex
467 2117 510 2157 S.
557 2115 603 2156 C.
668 2114 756 2154 tam
806 2128 903 2155 vero
951 2124 1085 2169 quum
1133 2124 1197 2151 res
1243 2109 1415 2165 publica
1456 2118 1618 2152 careret
1662 2111 1933 2164 consulibuS,
1980 2113 2325 2171 quandoquidem
2370 2115 2506 2156 Carbo
2545 2116 2587 2156 in
2638 2115 2809 2163 Sicilia,

229 2180 382 2221 Marius
422 2180 645 2221 Praeneste
682 2175 887 2232 perierat,
926 2175 1043 2217 Sulla
1087 2173 1291 2215 libertatis
1330 2173 1511 2228 speciem
1555 2188 1717 2217 servare
1766 2176 1927 2227 volens,
1974 2177 2186 2233 paulisper
2237 2192 2285 2218 ex
2327 2177 2440 2220 Urbe
2480 2179 2669 2227 secessit,
2701 2179 2806 2220 iusso

227 2243 384 2285 Senatu
416 2255 559 2282 creare
592 2239 878 2293 Interregem‚
910 2237 1179 2279 comitiorum
1213 2233 1501 2277 habendorum
1536 2250 1674 2280 causa.

285 2303 440 2345 (zi-earo
488 2317 582 2344 mox
623 2301 830 2356 Interregi
879 2301 924 2343 L.
971 2298 1137 2344 Valerio
1177 2298 1347 2349 Flacco,
1397 2299 1470 2354 qui
1518 2300 1712 2355 princeps
1758 2307 1845 2341 erat
1891 2301 2101 2353 Senatus,
2143 2308 2244 2343 teste
2286 2302 2480 2359 Appiano
2526 2302 2577 2344 de
2625 2303 2674 2344 Β.
2719 2302 2805 2344 Civ.

229 2367 274 2409 L.
316 2366 349 2407 l.
387 2378 425 2407 c.
475 2366 548 2406 98.
614 2363 729 2405 Sulla
791 2362 978 2419 scripsit,
1042 2360 1217 2401 referret
1264 2359 1320 2401 ad
1367 2359 1569 2415 populum
1619 2360 1779 2404 Sullae
1827 2361 1980 2404 videri
2027 2379 2048 2403 e
2096 2379 2145 2404 re
2188 2363 2409 2419 publiea,
2470 2366 2520 2405 in
2564 2367 2805 2420 praesenti

230 2442 389 2470 rerum
426 2433 558 2469 statu
599 2424 888 2467 Dictator-em
929 2423 1053 2473 diei5
1093 2422 1247 2463 addens
1291 2423 1334 2463 in
1371 2422 1454 2463 fine
1497 2424 1727 2479 epistolae,
1772 2423 1924 2465 videri
1973 2425 2088 2476 sibi,
2140 2427 2339 2466 neminie
2382 2428 2433 2466 in
2484 2442 2534 2467 ea
2577 2428 2721 2468 etiam
2756 2442 2805 2467 re

230 2504 441 2546 operam,
489 2503 629 2546 quam
668 2489 744 2528 eui
786 2489 967 2543 ipsius,
1013 2485 1254 2526 utiliorem
1286 2483 1397 2542 fore
1443 2486 1514 2526 rei
1551 2486 1778 2542 publicae.
1861 2488 2045 2542 Populus
2091 2489 2249 2542 igitur,
2315 2503 2448 2544 quum
2504 2488 2610 2530 nihil
2666 2489 2807 2531 Sullae

229 2565 418 2594 recusare
466 2550 671 2605 auderet,
720 2550 974 2591 Dictatorem
1021 2561 1117 2589 eum
1161 2549 1292 2588 creari
1333 2561 1471 2602 passus
1514 2556 1587 2591 est.
1658 2547 1977 2598 Videbantur,
2024 2550 2163 2605 inquit
2205 2550 2389 2593 Velleius
2434 2551 2479 2592 L.
2529 2551 2587 2592 11.
2640 2565 2680 2592 c.
2728 2552 2804 2593 28.

215 2613 364 2674 finita
430 2612 541 2657 belli
600 2612 765 2656 ‘civilis
819 2611 970 2661 mala,
1026 2624 1166 2670 quum
1222 2607 1382 2652 Sullae
1427 2608 1702 2653 erudelitate
1746 2617 1881 2653 aucta
1928 2618 2051 2653 eavit.
2132 2610 2312 2669 Quippe
2354 2612 2579 2656 Dictator
2627 2620 2810 2655 creatus

228 2679 455 2735 imperio,
505 2691 592 2735 quo
630 2678 813 2733 priores
853 2675 1119 2718 Dictator-ee
1166 2672 1228 2715 ad
1272 2672 1594 2716 vindicandam
1636 2675 1860 2716 maximis
1885 2674 2115 2731 perieulis
2143 2689 2241 2716 rem
2267 2675 2508 2732 publicam
2537 2678 2615 2717 uei
2647 2685 2808 2727 erant,

229 2756 275 2782 eo
332 2742 384 2780 in
446 2738 741 2781 inmodicam
800 2737 1098 2779 crudelitatis
1157 2736 1392 2777 licentiam
1450 2751 1560 2776 usae
1622 2745 1702 2778 eet.
1780 2737 1891 2792 Ergo
1937 2737 2100 2792 legibus
2146 2739 2260 2779 novis
2305 2739 2365 2780 rei
2411 2739 2608 2794 publicae
2654 2748 2804 2780 statum

228 2801 519 2845 confirmavit:
572 2801 840 2844 tribunorum
886 2807 1130 2857 potestatem
1176 2800 1360 2850 minuit,
1405 2806 1451 2839 ut
1496 2799 1636 2840 auxilii
1686 2799 1783 2840 latio
1834 2800 1881 2839 iis
1926 2800 2264 2856 relinqueretur,
2311 2801 2374 2842 ius
2410 2802 2563 2857 'legum
2609 2801 2809 2843 ferenda·

229 2879 352 2917 rum,
413 2863 709 2922 maiorumque
765 2863 1090 2921 magistratuum
1148 2860 1426 2918 petendorum
1472 2860 1754 2913 adimeretur3
1805 2867 1991 2902 senatum
2050 2875 2098 2903 ex
2138 2863 2327 2919 equestri
2376 2862 2522 2905 ordine
2568 2864 2806 2920 supplevit,

228 2930 353 2986 eique
402 2927 579 2969 restituit
626 2926 812 2978 iudicia;
862 2925 1112 2984 pontificum
1147 2939 1447 2982 augurumque
1491 2925 1712 2981 collegium
1757 2924 1999 2980 ampliavit,
2048 2931 2094 2966 ut
2130 2933 2263 2967 essent
2293 2926 2563 2983 quindecim,
2608 2928 2807 2984 iussitque

229 2999 278 3031 ut
323 2989 556 3032 sacerdotes
600 2995 643 3029 et
689 2989 880 3044 pontifex
926 2989 1131 3030 maximus
1169 3002 1192 3028 a
1235 2987 1414 3043 collegio
1459 2993 1781 3043 cooptarentur3
1830 2989 2156 3042 proscriptorum
2204 2988 2340 3029 liberis
2381 2989 2530 3044 eripuit
2565 2990 2628 3029 ius
2662 2998 2806 3045 peten-

228 3051 376 3093 dorum
420 3050 657 3101 honorum,
706 3056 748 3092 et
797 3049 905 3092 bona
954 3063 1099 3091 eorum
1159 3048 1361 3091 vendidit.
1439 3048 1690 3105 Ceteroquin
1726 3048 1940 3104 antiquam
1992 3049 2048 3089 rei
2115 3048 2307 3105 publicae
2373 3051 2552 3092 formam
2616 3065 2805 3100 servans,

228 3127 369 3171 passus
416 3120 476 3155 est
521 3113 564 3153 in
614 3126 653 3155 a.
704 3113 810 3154 673.
861 3112 1038 3169 antiquo
1087 3126 1203 3154 more
1245 3111 1432 3153 consules
1475 3113 1606 3153 creari
1648 3112 1701 3152 M.
1748 3110 1932 3151 Tullium
1983 3111 2184 3152 Deculam
2235 3119 2275 3152 et
2319 3111 2396 3154 Cn.
2440 3111 2682 3154 Cornelium
2718 3114 2807 3154 Do-

227 3176 449 3218 tabellamz
496 3189 675 3232 eamque
724 3174 970 3231 dignitatem
1014 3176 1098 3232 ipse
1143 3188 1315 3232 quoque
1366 3175 1552 3215 obtinuit
1600 3187 1707 3214 anno
1755 3173 1972 3228 proximo,
2019 3173 2225 3229 collegam
2266 3173 2426 3215 habens
2474 3174 2527 3227 Q.
2580 3175 2807 3216 Caecilium

222 3238 435 3281 Metellum
468 3237 605 3279 Pium.

292 3301 483 3356 Denique
548 3299 773 3340 constituta
835 3314 879 3340 rc
943 3297 1111 3355 publica
1156 3299 1264 3340 ultro
1311 3300 1527 3341 Dictatura
1576 3312 1617 3339 se
1667 3296 1874 3338 abdicavit
1920 3312 1958 3338 a.
2006 3298 2111 3338 675.
2164 3304 2204 3338 et
2253 3298 2297 3338 in
2339 3297 2508 3355 praedia
2557 3313 2631 3340 sua
2676 3314 2806 3355 prope

227 3363 431 3421 Neapolin
466 3362 658 3413 secessit,
704 3363 894 3403 victurus
937 3362 1143 3419 reliquam
1187 3363 1311 3403 vitam
1354 3363 1549 3419 privatus.
1629 3359 1711 3404 Sed
1757 3361 1840 3401 iam
1882 3360 2071 3415 proximo
2118 3374 2229 3401 anno
2277 3361 2460 3402 Puteolis
2506 3370 2698 3403 mortuus
2747 3371 2806 3403 est

228 3429 471 3479 φθειριάσει
491 3454 504 3475 ,
539 3425 626 3465 LX.
658 3438 788 3464 annos
820 3432 970 3473 natus,
1004 3432 1045 3465 et
1078 3423 1303 3477 magnifice
1333 3427 1490 3467 Romae
1523 3425 1564 3464 in
1597 3424 1751 3478 Campo
1784 3424 1928 3464 Martio
1958 3423 2145 3478 sepultus
2178 3430 2253 3464 est.

192 3537 195 3540 ι
291 3488 341 3529 ln
385 3486 470 3529 'hoe
507 3486 683 3543 quidem
730 3499 887 3528 secessu
933 3487 1047 3529 Sulla
1094 3488 1301 3543 scripsisse
1344 3488 1507 3530 videtur
1555 3487 1713 3529 Rerum
1760 3498 1927 3527 suarum
1970 3484 2330 3539 Commentarios,
2367 3486 2523 3544 quibus
2557 3485 2807 3530 Plutarchus

226 3551 270 3590 in
305 3548 537 3591 enarranda
583 3548 724 3591 Sullae
765 3542 851 3590 'vita
891 3562 987 3591 usus
1035 3556 1094 3591 est
1142 3550 1506 3607 frequentissime,
1555 3548 1681 3590 modo
1725 3549 1975 3599 nominans,
2028 3547 2155 3590 modo
2198 3562 2283 3590 non
2329 3551 2578 3601 nominans,
2625 3564 2673 3590 ex
2718 3564 2807 3607 quo

226 3610 410 3652 hauriret
452 3611 596 3661 fonte,
644 3618 691 3651 ut
737 3610 860 3652 docte
902 3610 1129 3666 disputavit
1177 3612 1407 3654 Heerenius
1454 3610 1506 3652 de
1550 3610 1718 3653 Fontib.
1759 3617 1801 3652 et
1836 3618 1950 3652 auct.
1981 3610 2050 3653 vit.
2084 3611 2231 3667 parall.
2261 3610 2480 3654 Plutarchi
2514 3627 2553 3667 p.
2590 3613 2679 3653 150
2711 3627 2818 3668 sqq..
