3442 4094
1472 134 1480 165 ·²
1491 134 1558 193 4‘7

211 303 216 306 -
280 280 412 330 effe.-
433 280 698 338 Vossius,
745 269 798 321 «le
835 279 941 323 Hist.
980 278 1133 323 Graec.
1175 270 1223 323 L.
1275 280 1333 322 II.
1378 293 1419 321 c.
1466 280 1543 324 XI.
1592 280 1906 331 Funccius,
1953 278 2006 322 (le
2049 277 2211 337 vegeta
2251 278 2296 321 L.
2344 278 2391 321 L.
2421 278 2717 321 Senectutec.
2751 275 2812 324 11.

212 347 300 405 §.-
315 348 457 401 2.--p.
506 344 580 385 43.
629 335 1039 395 w-,estermann
1083 343 1122 399 §.
1146 343 1230 385 83.
1260 352 1302 397 p.
1335 342 1443 384 277.
1489 341 1696 399 Meyer,
1726 343 1765 398 §.
1784 341 1973 387 CXLIV.
2004 355 2049 400 p.
2081 341 2189 385 607.
2223 340 2558 400 Bernhardy,
2592 341 2815 384 Grundriss

220 410 295 452 der
339 402 629 465 griechischen
677 405 903 448 Litteratur
948 404 999 447 Τ.
1043 405 1078 447 Ι.
1130 419 1172 460 p.
1225 404 1331 446 412.
1364 403 1435 447 10.
1468 403 1620 446 Conr.
1654 404 1964 456 Fouerlcin,
1997 406 2236 448 Dissertatio
2270 405 2498 463 Epistolica
2530 403 2583 447 de
2614 403 2814 446 Hadriani

220 468 491 528 Imperatoris
522 463 1020 526 Eruditione.>1ltorfii
1055 467 1189 510 1743.
1228 467 1312 510 4⁰.

1266 590 1783 635 Fragmenta.

285 707 320 762 †
354 703 479 763 (Aet.
511 701 799 761 Spartianus
829 704 883 745 in
913 707 955 746 ν’.
990 700 1230 745 Hadriani
1277 718 1315 746 e.
1373 700 1436 760 1.)
1502 701 1636 759 Origo
1680 701 1948 757 Imperatoris
1992 701 2190 743 Hadriani
2238 704 2431 745 vetustior
2476 717 2500 744 a
2540 703 2810 755 Picentibus,

224 769 428 826 posterior
470 766 527 809 ab
570 764 914 823 Hispaniensibus
963 772 1129 808 manat:
1175 766 1208 808 si
1257 765 1433 824 quidem
1471 763 1626 807 Hadria
1672 771 1783 807 ortos
1829 764 2003 806 maiores
2048 778 2171 815 suos,
2218 764 2332 820 apud
2382 764 2602 815 Italicam,
2648 767 2810 821 Scipio-

223 845 327 873 num
360 828 648 885 temporibus,
681 826 904 878 resedisse,
937 828 982 869 in
1014 827 1130 870 libris
1167 828 1285 870 Vitae
1317 828 1427 870 Suae
1461 826 1697 869 Hadrianus
1726 826 1812 882 ipse
1845 834 2162 869 commemorat.

289 894 323 948 †
359 890 482 951 (Aet.
514 888 677 947 Spart.
712 887 826 933 ibid.
860 903 899 932 c.
931 887 998 947 3.)
1063 891 1158 932 Post
1206 890 1523 943 Quaesturam,
1558 896 1649 930 acta
1695 888 1873 930 Senatus
1919 889 2106 940 curavit3
2157 895 2284 945 atque
2324 888 2377 930 ad
2419 889 2579 930 bellum
2607 889 2810 931 Dacicum

227 956 456 1000 Troianum
495 951 743 994 familiarius
792 960 1034 1008 prosecutus
1075 959 1166 994 est.
1214 952 1386 1010 quando
1417 950 1610 1009 quidem
1657 957 1700 992 ct
1742 950 1958 993 indulsisse
2004 951 2099 993 vino
2146 965 2187 994 se
2237 951 2367 1003 dicit,
2414 951 2580 993 Traiani
2627 952 2813 993 moribus

227 1019 554 1074 obsequentem:
589 1021 718 1071 atque
752 1013 806 1056 ob
839 1014 920 1056 hoc
949 1029 997 1057 so
1029 1030 1051 1056 a
1084 1015 1265 1057 Traiano
1295 1014 1618 1070 locupletissime
1650 1020 1935 1055 muneratum.

290 1080 325 1134 †
359 1074 483 1134 (Aet.
516 1074 678 1133 Spart.
709 1075 823 1120 ibid.
856 1093 893 1119 c.
930 1075 993 1133 3.)
1060 1076 1281 1122 Tribunus
1316 1076 1449 1132 plebis
1494 1076 1631 1118 factus
1672 1083 1730 1117 est
1773 1075 1961 1118 Candido
2003 1084 2045 1117 et
2091 1076 2305 1130 Quadrato
2350 1078 2504 1118 iterum
2551 1076 2809 1118 consulibus:

228 1142 274 1182 in
316 1153 404 1197 quo
446 1140 694 1196 magistratu
753 1138 807 1180 ad
862 1145 1115 1196 perpetuam
1155 1138 1415 1180 tribunitiam
1455 1144 1702 1195 potestatem
1750 1151 1874 1180 omen
1918 1137 1998 1180 sibi
2043 1139 2206 1181 sactum
2254 1139 2418 1189 asserit,
2467 1137 2581 1195 quod
2623 1138 2817 1195 paenulas

230 1203 442 1252 amiserit,
477 1201 631 1260 quibus
662 1201 723 1244 uti
757 1200 920 1243 tribuni
951 1200 1085 1257 plebis
1116 1200 1280 1259 pluviae
1312 1208 1502 1259 tempore
1533 1199 1751 1251 solebant,
1785 1201 2062 1259 Imperatores
2093 1209 2236 1245 autem
2270 1216 2504 1260 nunquam.

295 1267 330 1321 †
366 1262 486 1323 (Aet.
521 1262 682 1320 Spart.
716 1263 832 1306 ibid.
865 1279 902 1305 c.
938 1262 1002 1321 7)
1068 1265 1232 1321 Nigrini
1279 1264 1469 1315 insidias,
1521 1278 1624 1322 quas
1670 1265 1741 1306 illo
1784 1264 2037 1307 sacrificanti
2083 1264 2324 1316 Hadriano,
2369 1265 2534 1307 conscio
2573 1265 2651 1306 sibi
2695 1265 2818 1306 Lusio

232 1336 275 1371 et
318 1328 462 1372 multis
504 1327 624 1377 aliis,
674 1333 919 1383 [κηποι-ιιι,
965 1340 1101 1385 quum
1125 1341 1224 1370 eum
1253 1329 1381 1370 etiam
1408 1340 1686 1370 successorem
1719 1326 1882 1370 sibimet
1909 1327 2143 1371 Hadrianus
2172 1328 2438 1379 destinasset,
2469 1329 2610 1369 evasit.
2677 1327 2820 1380 Quare

233 1392 378 1434 Palma
435 1388 715 1439 Terracinae,
778 1390 919 1431 Celsus
980 1390 1120 1442 Baiis,
1186 1390 1384 1447 Nigrinus
1426 1391 1679 1441 Fax-entiae,
1724 1390 1866 1432 Lusius
1914 1391 1959 1432 in
2000 1391 2180 1441 itinere,
2230 1391 2388 1432 Senatu
2436 1390 2637 1439 iubente,
2688 1390 2821 1430 inrito

233 1452 473 1503 Hadriano,
508 1458 556 1493 ut
586 1451 675 1507 ipse
707 1451 752 1493 in
785 1452 884 1496 Vita
915 1453 1018 1494 Sua·
1033 1452 1166 1503 dicit,
1201 1454 1326 1495 occisi
1356 1459 1468 1494 sunt.

302 1516 337 1571 †
373 1513 486 1573 (Dio
534 1514 725 1557 Caesius
769 1514 824 1556 L.
872 1515 1023 1556 LXIX.
1073 1530 1110 1558 c.
1147 1517 1220 1557 11.
1246 1530 1294 1572 p.
1330 1517 1436 1557 792.
1464 1512 1553 1578 Ε.)
1622 1512 1703 1554 Ἐν
1735 1512 1781 1555 δὲ
1813 1517 1865 1567 τῇ
1894 1514 2116 1567 Αῖγύπτῳ
2150 1516 2224 1554 καὶ
2265 1516 2342 1565 τὴν
2379 1512 2628 1554 Ἀντινόου
2656 1512 2827 1564 ὠνομα-

238 1577 402 1631 σμένην
439 1574 742 1629 ἀνῳκοδόμησε
790 1574 939 1619 πόλιν.
979 1577 1004 1616 ό
1042 1578 1124 1630 γὰρ
1168 1576 1412 1627 Ἀντίνοος
1456 1591 1511 1628 ην
1554 1577 1635 1628 μὲν
1677 1575 1723 1616 ἐκ
1773 1576 2032 1627 Βιθυνίου,
2095 1573 2263 1623 πόλεως
2315 1572 2594 1625 Βιθυνίδος,
2640 1590 2696 1625 ην
2751 1575 2825 1614 καὶ

240 1636 598 1679 Kzavdcoz‘nozw
644 1635 875 1692 καλοῦμεν·
925 1636 1111 1679 παιδικά
1154 1654 1199 1679 τε
1249 1637 1380 1679 αὐτοῦ
1433 1639 1655 1689 ἐγεγόνει,
1702 1650 1776 1677 και
1816 1638 1862 1679 ἐν
1914 1642 1967 1692 τῇ
2016 1608 2246 1691 ’Ae'yv'rrmp
2297 1634 2587 1690 ἐτελευτησεν·
2634 1635 2712 1677 εἰτ’
2748 1630 2824 1677 οὖν

236 1702 297 1748 εἷς
351 1698 426 1742 τὸν
473 1697 643 1741 Νεῖλον
696 1699 919 1752 ἐκπεσὼν,
960 1701 1018 1748 ὥς
1064 1698 1311 1752 Ἀδριανὸς
1353 1704 1539 1756 γράᾳει,
1585 1699 1669 1740 εἴτε
1714 1700 1788 1741 καὶ
1829 1699 2154 1756 ἴερουργηθεὶς,
2202 1701 2258 1748 ώς
2305 1703 2331 1753 η’
2377 1697 2568 1751 ἀλήθεια
2609 1699 2713 1755 ἔχει.

1149 1811 1188 1865 §.
1229 1810 1301 1853 14.
1365 1810 1412 1852 L.
1445 1810 1677 1852 summus
1709 1810 1922 1852 Suvmiusr

307 1917 577 1963 Pervenimus
642 1915 694 1960 ad
754 1917 950 1960 ultimum
1017 1930 1193 1969 eorum,
1257 1918 1332 1975 qui
1380 1919 1577 1976 expressis
1623 1919 1827 1961 Veterum
1871 1916 2113 1961 testimoniis
2161 1917 2361 1960 dicuntur
2406 1917 2459 1960 de
2502 1933 2574 1959 sua
2620 1917 2696 1973 ipsi
2748 1919 2829 1959 vita

246 1976 481 2038 scripsisse,
545 1980 588 2021 id
654 1987 740 2035 est,
802 1981 1000 2021 Severum
1052 1980 1367 2036 Imperatorem.
1449 1980 1510 2023 De
1556 1981 1676 2023 cuius
1721 1980 2039 2023 Commentariis
2085 1979 2190 2022 haec
2238 1979 2383 2022 scribit
2412 1979 2555 2022 Aelius
2587 1980 2831 2052 Spartianus

248 2046 291 2085 in
343 2044 425 2084 vita
470 2043 611 2084 Severi
663 2056 701 2085 c.
752 2044 820 2083 18.
888 2040 1218 2098 Philosophiae
1265 2057 1318 2083 ac
1364 2042 1546 2085 dicendi
1590 2042 1766 2084 studiis
1813 2044 1935 2085 satie
1966 2041 2182 2094 deditue·
2216 2042 2450 2084 doctrinae
2482 2057 2651 2100 quoque
2684 2044 2833 2083 nimis

250 2095 474 2162 cupidum
510 2099 746 2146 latronum
775 2102 939 2161 ubique
980 2104 1146 2155 hostis,-
1174 2106 1354 2146 vitam
1388 2121 1547 2147 suam
1574 2107 1877 2162 privatam
1902 2105 2306 2163 publicamque
2339 2106 2457 2161 ipse
2488 2106 2832 2161 composuit,

250 2167 495 2226 adfidem3
561 2166 710 2209 solum
773 2173 925 2209 tamen
969 2169 1141 2209 vitium
1190 2165 1489 2210 crudelitatis
1537 2183 1769 2210 excusans.
1817 2169 1939 2210 Unde
1977 2168 2192 2210 fluxerunt
2235 2183 2281 2209 ea
2331 2182 2439 2225 quae
2489 2168 2672 2224 legimus
2721 2168 2836 2224 apud

250 2230 397 2276 Aurei.
448 2230 611 2276 Victor.
658 2229 710 2273 de
755 2229 915 2274 Caesar.
966 2245 1005 2274 C.
1053 2231 1148 2275 XX.
1200 2232 1273 2274 22.
1325 2230 1684 2288 Philosophiae,
1734 2230 2045 2283 declamandi,
2095 2234 2271 2274 eunctis
2301 2238 2532 2290 postremo
2567 2230 2837 2273 liberalium

254 2293 436 2337 deditus
469 2291 646 2334 studiis
656 2310 674 2344 ,-
708 2292 914 2350 idemque
947 2293 1027 2334 abe
1059 2309 1104 2334 ee
1132 2301 1269 2351 gesta
1302 2301 1471 2336 ornatu
1503 2301 1546 2335 et
1564 2294 1663 2351 fide
1689 2293 1890 2351 paribus
1918 2296 2185 2351 composuit.

315 2357 372 2401 Ex
431 2354 496 2398 his
552 2355 695 2399 Severi
756 2354 870 2398 libris
932 2355 1075 2398 Aelius
1118 2357 1362 2412 Spartianus
1411 2358 1455 2398 in
1506 2356 1808 2399 conscribenda
1854 2358 1997 2398 Severi
2046 2359 2130 2398 vita
2176 2358 2262 2398 sine
2314 2356 2445 2398 dubio
2490 2357 2622 2397 multa
2671 2357 2833 2406 hausit,

251 2421 512 2477 Quamquam
548 2432 642 2460 raro
674 2418 860 2476 ipsorum
905 2418 1008 2461 facit
1052 2418 1336 2461 mentionem:
1384 2433 1480 2463 nam
1529 2434 1573 2463 re
1620 2421 1735 2476 ipsa,
1786 2432 1866 2462 nec
1912 2420 2080 2464 nomine
2112 2426 2304 2470 tantum,
2339 2434 2407 2460 eos
2450 2419 2576 2460 libros
2610 2419 2667 2460 illi
2709 2420 2832 2460 fuisse

252 2482 469 2540 cognitos,
520 2481 620 2523 iude
669 2488 868 2538 apparet,
919 2480 1035 2538 quod
1092 2480 1214 2525 docet
1258 2481 1364 2540 quid
1412 2482 1457 2525 in
1505 2483 1553 2525 iis
1595 2482 1711 2525 libris
1755 2497 1841 2526 non
1886 2483 1937 2525 sit
1988 2489 2219 2525 narratum.
2300 2482 2497 2525 Uxorem
2548 2489 2653 2524 tun-c
2697 2480 2836 2523 Mar-

256 2547 376 2586 tiam
408 2543 570 2593 duxit,
605 2545 663 2586 ita
696 2542 836 2585 scribit
871 2545 962 2585 Ael.
997 2545 1136 2600 Spart.
1174 2545 1219 2585 in
1252 2546 1348 2587 Sev.
1382 2559 1421 2587 c.
1458 2547 1502 2587 3.
1536 2545 1588 2586 de
1619 2560 1711 2604 qua
1745 2547 1896 2587 tacuit
1927 2547 1979 2586 in
2012 2545 2217 2588 historia
2249 2547 2371 2587 vitae
2397 2547 2631 2602 privatae.

318 2604 400 2649 Sed
450 2606 632 2648 multum
673 2606 789 2648 abest
836 2614 882 2647 ut
928 2606 1072 2648 Aelius
1117 2608 1363 2663 Spartianus
1406 2609 1458 2649 iis
1497 2609 1778 2663 plenissimam
1820 2607 1947 2648 fidem
1996 2607 2221 2657 habuerit,
2269 2609 2312 2648 in
2356 2609 2501 2664 primis
2550 2609 2593 2648 in
2641 2609 2687 2648 iis
2727 2620 2835 2664 quac

250 2670 428 2712 Severus
476 2667 528 2710 de
575 2667 764 2711 hostibus
807 2669 888 2710 suis
935 2670 1177 2710 narraverit.
1243 2668 1369 2721 Quod
1411 2670 1547 2726 ipsum
1592 2671 1747 2710 fatetur
1791 2671 1835 2709 in
1878 2672 1963 2710 vita
2008 2671 2226 2711 Pescennii
2271 2670 2392 2726 Nigri
2443 2683 2479 2711 c.
2528 2673 2569 2712 5.
2628 2669 2834 2711 scribens:

256 2728 311 2776 Si
357 2727 517 2776 Severo
564 2727 820 2783 credimus,
861 2728 973 2790 suit
1016 2729 1203 2790 gloriae
1248 2730 1441 2788 cupidus
1483 2729 1664 2791 Niger-,-
1712 2732 1868 2788 quibus
1918 2733 2051 2774 verbis
2093 2734 2189 2773 satis
2233 2734 2449 2773 manifeste
2492 2734 2634 2774 Severi
2675 2734 2836 2787 scriptis

256 2795 403 2850 negari
452 2794 615 2837 videtur
662 2793 779 2837 fides.
853 2794 940 2836 Nec
985 2808 1105 2837 secus
1147 2793 1218 2836 alii
1263 2793 1558 2836 iudicaverunt
1598 2795 1844 2850 scriptores;
1903 2810 2000 2836 nam
2055 2794 2185 2836 Iulius
2229 2793 2485 2849 Capitolinus
2528 2795 2571 2836 in
2617 2809 2655 2835 v.
2701 2792 2837 2835 Clodii

257 2857 401 2899 Albini
444 2869 482 2897 c.
534 2857 607 2899 10.
653 2855 821 2898 scribit:
888 2855 959 2898 Et
1007 2854 1198 2903 Severus
1241 2855 1424 2914 quidem
1472 2857 1569 2914 ipre
1617 2856 1721 2899 haec
1769 2854 1820 2898 de
1868 2854 2013 2899 eodem
2062 2855 2380 2914 loquitur---
2442 2854 2531 2898 Sed
2575 2855 2681 2897 haec
2725 2854 2837 2898 belli

260 2927 458 2977 tempore
505 2916 579 2960 vel
620 2926 725 2977 port
752 2918 972 2971 bellum,
1018 2918 1197 2977 quando
1240 2921 1284 2961 ei
1327 2921 1425 2962 iam
1473 2919 1597 2963 velut
1645 2919 1696 2962 de
1742 2918 1864 2961 hoste
1912 2918 2038 2962 credi
2084 2933 2171 2961 non
2214 2925 2378 2976 potest.
2427 2918 2542 2973 Quin
2585 2919 2713 2961 etiam
2758 2919 2835 2962 Dio

258 2983 442 3033 Cassius,
507 2982 583 3039 qui
631 2983 773 3023 Severi
822 2982 904 3024 fuit
952 2984 1162 3041 aequalis,
1224 2983 1296 3025 ubi
1352 2986 1569 3026 cruentam
1631 2990 1771 3026 narrat
1819 2982 1871 3026 de
1914 2982 2067 3026 Albino
2128 2983 2340 3025 victoriam
2396 2981 2442 3026 L.
2488 2981 2656 3027 LXXV.
2701 2995 2741 3026 c.
2792 2984 2835 3026 7.

258 3061 302 3102 p.
355 3046 462 3087 853.
512 3045 564 3087 A.
614 3044 758 3086 addit.
825 3045 954 3097 Λέγω
1002 3047 1084 3100 γὰρ
1134 3061 1211 3102 ουχ
1257 3046 1337 3087 ὅσα
1384 3048 1409 3086 ό
1453 3047 1648 3102 Σεβῆρος
1696 3046 1920 3100 ἔγραψεν,
1969 3043 2068 3086 ἀλλ’
2116 3045 2196 3085 ὅσα
2243 3043 2421 3098 aivam,-
2472 3044 2665 3096 ἐγένετο.

322 3107 382 3150 Ex
445 3107 556 3151 Aelii
617 3115 761 3150 autem
825 3108 1036 3163 Spartiani
1095 3111 1330 3151 testimonio
1389 3110 1565 3150 Severus
1613 3111 1773 3164 scripsit
1824 3112 1969 3149 vitam
2019 3123 2152 3148 cuam
2194 3109 2438 3164 privatam
2481 3108 2838 3168 publicamque,-

260 3183 370 3229 quae
415 3167 542 3214 verba
593 3184 642 3213 ex
692 3175 833 3213 mente
883 3169 970 3213 eius
1016 3170 1227 3229 scriptoris
1274 3172 1333 3214 ita
1379 3170 1571 3215 videntur
1618 3170 1893 3227 accipienda,
1946 3178 1992 3213 ut
2039 3171 2093 3213 ad
2140 3172 2382 3226 privatam
2426 3173 2576 3212 vitam
2623 3173 2839 3228 pertinue-

261 3234 347 3277 rint
389 3233 528 3275 omnia
578 3246 625 3276 ea
668 3247 778 3294 quae
821 3247 844 3276 a
896 3233 1050 3277 Severo
1084 3239 1199 3292 gesta
1230 3237 1327 3278 sunt
1376 3241 1474 3279 ante
1507 3249 1633 3293 quam
1678 3234 1916 3291 perveniret
1961 3232 2012 3276 ad
2046 3234 2311 3289 Imperium:
2339 3232 2528 3289 publica
2559 3244 2658 3277 aute
2662 3250 2703 3277 m
2737 3238 2842 3277 vita

261 3294 537 3352 intelligenda
580 3296 632 3338 sit
679 3296 766 3338 vita
811 3295 1102 3353 Imperatoria.
1168 3296 1227 3339 Ea
1273 3297 1384 3341 enim
1430 3297 1735 3355 significatione
1781 3296 1874 3341 Ael.
1921 3296 2059 3353 Spart.
2105 3297 2149 3338 in
2199 3296 2294 3339 Sev.
2344 3309 2385 3340 c.
2439 3300 2480 3340 5.
2515 3298 2709 3354 scripsit:
2772 3297 2843 3340 Ec

263 3358 479 3399 haetenus
508 3371 606 3398 rem
637 3358 901 3400 militarem
930 3360 1149 3417 privatus
1178 3361 1291 3419 egit.

329 3420 450 3474 Quae
479 3419 532 3460 ad
557 3419 704 3461 Severi
748 3422 913 3462 vitam
962 3422 1226 3478 privatam
1273 3423 1508 3479 pertinent,
1541 3421 1685 3463 Aelius
1712 3421 1954 3480 Spartianus
1986 3427 2170 3479 quatuor
2199 3419 2408 3479 prioribus
2438 3421 2649 3480 capitibus
2690 3430 2844 3467 narrat.

265 3481 510 3526 Secundum
556 3480 673 3524 hunc
719 3484 851 3539 igitur
895 3484 1100 3536 Severus,
1149 3485 1318 3526 natione
1365 3485 1493 3536 Afer,
1541 3492 1651 3526 ortus
1695 3485 1815 3542 Lepti
1856 3486 1901 3527 in
1934 3485 2192 3541 Tripolitana
2225 3486 2468 3542 provincia,
2502 3494 2664 3542 patrem
2697 3486 2846 3529 habuit

261 3544 448 3598 ὕει-ως
495 3544 616 3589 cuius
663 3547 848 3589 maiores·
884 3546 1072 3590 fuerant·
1118 3549 1281 3605 equites
1342 3548 1548 3598 Romani,
1596 3554 1695 3590 ante
1743 3562 1872 3604 quam
1921 3548 2067 3589 civitas
2115 3548 2170 3589 ab
2216 3550 2432 3591 Antonino
2478 3549 2552 3591 Pio
2600 3550 2697 3591 data
2744 3559 2847 3592 esset

265 3607 485 3651 omnibus:
550 3613 692 3650 natm
755 3605 883 3653 Sext.
946 3607 1127 3652 Erucio
1190 3610 1328 3654 Claro
1380 3610 1452 3652 hie
1499 3616 1542 3651 et
1587 3610 1665 3653 Cn.
1711 3609 1905 3653 Claudio
1950 3607 2111 3652 Severo
2150 3625 2261 3654 coes.
2308 3611 2352 3654 id
2401 3619 2488 3661 est,
2534 3626 2572 3654 a.
2621 3613 2728 3656 899.
2794 3613 2845 3655 In

263 3671 399 3728 prima
461 3671 645 3728 pueritia
710 3671 863 3714 Latinis
923 3671 1179 3732 Graecisque
1240 3674 1366 3717 literis
1432 3673 1643 3726 imbutus,
1709 3672 1790 3716 fuit
1853 3673 2154 3717 eruditissimus
2224 3683 2264 3717 et
2342 3674 2658 3719 octavodecimo
2740 3689 2853 3719 anno
