3442 4094
1906 77 1973 132 48

638 204 816 264 publice
846 205 1098 252 declamavit
1131 206 1213 267 (ἢ.
1265 208 1411 250 Postea
1443 203 1680 248 studiorum
1714 218 1837 257 causa
1861 205 2213 257 Romam‚venit,
2246 206 2381 258 latum
2409 207 2580 255 clavum
2611 225 2635 251 a
2664 209 2763 255 divo
2808 213 2953 261 Marcu
2994 213 3144 271 petit«,
3191 223 3234 257 ct

631 270 831 328 accepit,
878 271 1045 315 favente
1088 269 1167 313 sibi
1218 267 1424 324 Septimio
1473 265 1654 319 Severo,
1712 265 1838 310 affine
1883 281 1989 319 suo,
2040 265 2103 313 bis
2152 267 2238 312 iam
2285 268 2521 321 consulari:
2569 278 2612 314 et
2661 279 2773 319 tum.
2800 275 2900 318 iam*
2936 274 3087 321 babuit
3134 277 3231 335 plu.

632 332 737 376 rima
773 334 911 376 omina
942 332 1106 389 imperii
1141 329 1199 390 (c.
1237 328 1319 388 1.).
2365 380 2367 383 .

696 397 862 441 Primus
906 394 1113 437 honorum
1164 391 1321 452 gradus
1370 392 1451 435 suit
1500 392 1763 447 Quaestura,
1810 406 1941 451 quam
1987 393 2072 452 egit
2122 392 2378 453 diligenter„
2427 394 2525 440 Post
2571 402 2841 453 quaesturam
2891 409 3001 445 sorte
3042 394 3229 448 Beticam

632 461 826 516 accepit:
871 464 1001 515 atque
1043 455 1141 498 inde
1190 455 1379 498 Africam
1430 456 1583 513 petiit,
1634 462 1682 498 ut
1724 461 1891 498 mortuo
1938 463 2056 515 patre
2107 471 2195 500 rem
2243 456 2516 501 domesticam
2567 468 2856 516 componeret.
2922 463 3005 507 Sed
3051 465 3154 510 dum
3188 467 3232 509 in

632 523 773 563 Africa
821 527 907 571 est,
958 533 1032 576 pro
1077 519 1222 561 Betica
1272 518 1465 559 Sardinia
1514 519 1552 559 ei
1593 518 1792 566 attributa
1839 525 1937 570 est,
1976 519 2103 577 quod,
2141 520 2331 564 Beticam
2377 520 2511 562 Mauri
2554 520 2882 579 populabantur.
2949 525 3054 570 Acta
3099 529 3230 586 igitur

628 590 849 639 quaestura
896 581 1182 631 Sardiniensi,
1235 581 1489 637 legationem
1537 581 1799 637 proconsulis
1846 581 2016 623 Africae
2064 584 2229 640 accepit
2284 581 2340 640 (c.
2390 580 2472 641 2.).
2549 583 2829 626 Tribunatum
2876 586 3038 642 plebis,
3088 591 3230 634 Marco

622 647 877 702 imperatore
926 643 1209 691 decernente,
1256 643 1513 700 promeruit,
1565 657 1752 701 eumque
1798 644 2047 686 severissime
2094 646 2196 702 egit.
2263 646 2437 688 Praetor
2483 645 2724 703 designatus
2767 661 2790 688 a
2826 647 2970 690 Marco
2999 658 3083 702 est,
3117 649 3229 695 anno

622 708 770 764 aetatis
820 707 1003 752 XXXII.
1081 706 1203 749 Tunc
1250 705 1303 749 ad
1351 705 1599 762 Hispaniam
1648 706 1913 750 missuscst.
1994 706 2156 750 Deinde
2204 707 2364 765 legioni
2413 707 2491 752 lv.
2559 706 2782 766 Scythicae
2831 712 3097 767 praepositus
3141 723 3225 767 est,

622 772 735 813 circa
781 771 1029 821 Massiliam,
1078 769 1170 821 vel,
1221 776 1269 810 ut
1318 768 1390 810 alii
1439 768 1613 820 volunt,
1665 769 1779 811 circa
1826 769 2008 827 Syriam.
2056 768 2112 828 (c.
2162 768 2244 828 3.).
2311 770 2459 813 Postea
2504 770 2832 828 Lugdunensem
2868 774 3127 829 provinciam
3157 776 3224 819 le-

624 841 747 891 gatus
805 833 997 889 accepit3
1061 838 1105 874 et
1153 845 1178 873 a
1226 830 1358 874 Gallis
1408 829 1464 872 ob
1507 831 1772 874 severitatem
1824 839 1866 874 et
1911 831 2234 883 abstinentiam,
2281 838 2447 875 tantum
2488 831 2872 891 quantum-nemo
2920 834 3100 881 dilectus
3150 846 3223 884 est.

618 895 778 939 Deinde
829 894 1063 938 Pannonias
1109 893 1398 950 proconsulari
1445 893 1625 950 imperio
1670 894 1791 937 rexit.
1857 895 1954 937 Post
2001 893 2082 938 boc
2123 895 2310 938 Siciliam
2355 896 2695 952 proconsularem
2736 903 2846 940 sorte
2878 900 3050 944 meruit.
3114 896 3242 946 con-'

616 959 798 1000 sulatum
833 972 931 1000 cum
961 957 1143 1013 Apuleio
1171 956 1328 998 Rufino
1358 956 1542 1012 primum
1580 957 1697 1011 egit,
1730 972 1772 999 a.
1818 958 1925 1000 938.
1955 980 2019 992 -—-
2045 972 2093 1000 ex
2124 957 2302 1001 aliorum
2353 959 2672 1014 computatione
2714 958 2797 1002 fuit
2826 974 2865 1002 a.
2906 962 3012 1004 942.
3042 986 3108 997 —-
3135 978 3222 1022 quo

617 1022 738 1065 XXV
787 1020 986 1062 Consules
1032 1019 1183 1069 suere,
1233 1019 1336 1061 sacti
1382 1033 1405 1060 a
1455 1018 1687 1070 Cleandro;
1740 1019 1854 1077 quod
1901 1034 2039 1077 neque
2081 1027 2179 1066 ante
2223 1019 2267 1062 id
2314 1026 2507 1076 tempus,
2541 1034 2681 1077 neque
2713 1028 3027 1081 post-unquam
3061 1025 3221 1069 factum

621 1092 694 1127 est.
761 1082 859 1127 Vid.
896 1083 976 1125 Dio
1021 1081 1180 1124 Cassius
1228 1082 1274 1126 L.
1320 1080 1492 1124 LXXII.
1541 1094 1583 1124 c.
1632 1082 1702 1124 12.
1756 1095 1800 1138 p.
1854 1082 1962 1127 822.
2013 1082 2062 1125 E.
2112 1089 2154 1124 et
2202 1080 2466 1140 lampridius
2513 1082 2559 1124 in
2608 1097 2646 1124 v.
2695 1081 2914 1127 Commodi
2943 1099 2982 1128 c.
3019 1088 3062 1131 6.
3125 1089 3221 1131 Post

613 1147 882 1189 consulatum
949 1159 1062 1188 anno
1124 1145 1258 1187 ferme
1307 1144 1387 1186 fuit
1429 1143 1590 1185 Romae
1640 1144 1821 1186 otiosus:
1873 1143 2051 1196 deinde,
2100 1145 2228 1187 Laeto
2278 1144 2564 1202 suffragante,
2615 1145 2819 1188 exercitui
2863 1145 3118 1194 Germanico
3166 1151 3220 1194 ad

611 1209 856 1253 Danubium
907 1208 1199 1265 praeponitur.
1265 1206 1315 1248 In
1367 1205 1638 1248 Germaniam
1688 1207 1902 1263 profectus
1952 1222 1991 1249 a.
2044 1208 2152 1250 944.
2200 1207 2260 1249 ita
2307 1222 2350 1250 se
2398 1208 2440 1249 in
2487 1222 2534 1250 ea
2572 1208 2784 1265 legatione
2826 1209 2916 1266 egit
2967 1217 3013 1254 ut
3056 1213 3213 1257 famam

610 1272 875 1313 nobilitatam
920 1272 1003 1312 iam
1055 1277 1153 1311 ante
1204 1269 1460 1312 cumularet.
1510 1266 1568 1326 (c.
1620 1265 1682 1325 4.)
1751 1268 1821 1311 Et
1855 1269 2073 1310 hactenus
2105 1283 2204 1310 rem
2235 1269 2499 1311 militarem
2524 1272 2751 1327 privatus
2781 1273 2882 1328 egit
2917 1270 2974 1330 (c.
3012 1272 3092 1332 6.).

663 1333 837 1382 ‘Dehinc
900 1348 923 1375 a
989 1331 1248 1374 Germanicis
1303 1329 1541 1388 legionibus
1597 1330 1669 1373 ubi
1726 1330 1918 1374 auditum
1969 1338 2028 1373 est
2071 1330 2349 1374 Commodum
2401 1333 2614 1384 occisum,
2663 1332 2890 1376 Iulianum·
2927 1343 3073 1378 autem
3116 1351 3218 1381 cum

612 1397 712 1440 odio
760 1405 1015 1439 cunctorum
1074 1397 1313 1452 imperare,
1364 1393 1507 1435 multis
1556 1392 1824 1435 hortantibus
1873 1408 2115 1452 repugnans
2161 1396 2390 1452 imperator
2437 1402 2497 1437 est
2542 1396 2777 1453 appellatus
2823 1396 2938 1453 apud
2982 1399 3217 1443 Carnutum

610 1460 758 1503 Idibus
815 1459 1023 1516 Augustis
1087 1472 1125 1500 a.
1191 1458 1299 1500 946.
1365 1455 1421 1515 (c.
1478 1454 1574 1514 5.):
1638 1471 1772 1514 quum
1835 1470 1934 1498 eum
1987 1471 2037 1498 ex
2088 1455 2235 1499 humili
2284 1472 2358 1514 per
2403 1457 2621 1500 literarum
2669 1465 2709 1500 ct
2755 1459 2928 1501 militiae
2979 1460 3115 1505 officia
3160 1463 3216 1505 ad

612 1524 841 1578 imperium
893 1522 1085 1577 plurimis
1137 1519 1339 1576 gradibus
1385 1519 1554 1561 fortuna
1605 1518 1809 1570 duxisset3
1861 1525 2120 1575 quapropter
2168 1520 2330 1576 saepius
2372 1518 2511 1561 dicere
2560 1520 2744 1562 solebat:
2812 1519 2983 1564 Omm‘a
3014 1521 3124 1579 sui,
3172 1532 3215 1565 et

606 1584 737 1627 m’lu’l
767 1583 951 1641 expedit
987 1581 1043 1640 (c.
1085 1581 1196 1640 18.).

673 1650 901 1704 Postquam
949 1647 1079 1702 igitur
1137 1644 1191 1686 ad
1244 1646 1369 1686 totius
1426 1646 1485 1686 rei
1535 1645 1732 1701 publicae
1779 1645 2185 1688 administrationem
2230 1653 2478 1704 pervenerat
2523 1644 2725 1698 Severus,
2774 1652 2814 1688 et
2859 1647 3123 1692 Pertinacem
3171 1665 3212 1692 se

605 1710 808 1767 appellari
859 1709 1078 1759 voluerat,
1128 1722 1302 1763 magnas
1353 1715 1394 1748 ct
1443 1708 1709 1763 praeclaras,
1746 1710 1987 1764 praesertim
2022 1710 2066 1749 in
2108 1708 2249 1758 bello,
2285 1723 2346 1750 res
2395 1710 2517 1763 gessit
2564 1710 2824 1764 Imperator:
2874 1724 3011 1767 quae,
3065 1719 3210 1768 utpote

609 1770 854 1815 referendae
889 1770 939 1813 ad
973 1768 1257 1826 publicam
1293 1769 1419 1824 ipsius
1454 1769 1647 1819 vitam,
1682 1777 1872 1811 narratae
1905 1769 2059 1811 fuerint
2092 1769 2134 1810 in
2169 1770 2297 1811 altera
2330 1776 2448 1824 parte
2482 1771 2899 1812 commentariorum.

666 1835 718 1876 Et
766 1833 912 1890 primis
963 1830 1134 1890 quidem
1184 1831 1360 1888 Imperii
1411 1831 1529 1872 annis
1577 1831 1731 1873 Severo
1780 1829 2113 1883 conflictandum
2162 1831 2246 1873 suit
2293 1844 2392 1873 cum
2442 1831 2516 1883 iis,
2565 1831 2671 1891 qui,
2721 1838 2813 1887 post
2862 1832 3079 1877 Commodi
3130 1851 3210 1878 ne-

606 1910 729 1947 cem,
791 1909 927 1953 acque
977 1894 1208 1950 Imperium
1260 1900 1378 1934 erant
1428 1894 1627 1950 aggressi.
1707 1894 1924 1935 Proximus
1973 1892 2146 1951 quidem
2196 1891 2418 1939 Commodi
2464 1906 2696 1945 successor,
2748 1893 2969 1947 Pertinax,
3021 1890 3095 1956 qui
3143 1899 3207 1940 vix

598 1970 679 2001 tres
727 1973 885 2000 menses
933 1957 1182 2014 imperavit,
1234 1972 1256 1998 a
1310 1956 1581 2013 praetorianis
1632 1956 1768 1998 fuerat
1817 1957 2007 2008 occisus,
2058 1956 2216 2009 inscio,
2266 1963 2314 1997 ut
2363 1955 2557 2007 videtur,
2606 1964 2648 1999 et
2692 1955 2865 2013 absente
2893 1955 3208 2009 Sev'e'ro.,Sed

601 2024 676 2080 qui
735 2021 840 2063 huic
896 2022 1123 2070 successit,
1191 2020 1415 2076 imperium
1476 2034 1499 2060 a
1551 2018 1754 2060 militibus
1802 2026 2040 2074 mercatus,
2092 2018 2237 2062 Didius
2286 2018 2502 2071 Iulianus,
2557 2019 2815 2077 suffragante
2863 2028 2977 2063 certe
3025 2022 3205 2073 Severo,

601 2092 696 2144 post
746 2084 850 2127 duos
896 2098 1057 2126 menses
1104 2081 1157 2125 ab
1192 2080 1389 2125 omnibus
1420 2081 1674 2134 derelictus,
1705 2083 1748 2124 in
1780 2082 2048 2140 palatio'suit
2081 2082 2258 2124 occisus.
2324 2079 2425 2129 vid.
2459 2082 2549 2125 Ael.
2580 2082 2720 2140 Spart.
2756 2084 2798 2126 in
2833 2084 2985 2127 Severo
3019 2099 3057 2128 c.
3091 2090 3132 2129 5.
3166 2094 3207 2128 et

599 2151 643 2190 in
694 2147 818 2190 Didio
864 2148 1027 2188 Iuliano
1073 2161 1113 2187 c.
1165 2147 1213 2187 8.
1275 2146 1332 2188 At
1382 2155 1548 2203 practer
1597 2144 1713 2188 hunc
1762 2145 1845 2187 duo
1897 2145 1967 2187 alii
2013 2145 2155 2198 fuere,
2207 2159 2312 2203 quos
2355 2159 2440 2187 non
2489 2159 2626 2204 aeque
2671 2146 2795 2189 t'acile
2841 2146 2921 2189 suit
2968 2147 3020 2191 de
3066 2148 3206 2193 medio

600 2213 772 2261 tollere3
827 2225 955 2266 quem
1007 2217 1148 2250 tamen
1193 2216 1454 2266 utrumque,
1507 2209 1785 2249 Pescennium
1836 2209 2018 2264 Nigrum
2067 2207 2181 2264 apud
2226 2207 2478 2264 Cyzicenos,
2529 2207 2723 2249 Clodium
2765 2208 2966 2251 Albinum
3007 2210 3205 2267 Lugduni

600 2275 734 2315 victos
786 2273 928 2327 coegit
988 2272 1125 2314 mori:
1187 2285 1371 2327 quorum
1428 2270 1569 2326 prior,
1620 2271 1863 2326 Aegyptum
1916 2269 1999 2311 dux
2052 2269 2270 2319 obtinens,
2317 2268 2479 2310 bellum
2528 2277 2712 2311 moverat
2758 2285 2829 2326 spe
2879 2270 3201 2314 dominationis:

593 2337 723 2387 alter,
776 2334 1005 2378 Pertinacis
1055 2339 1204 2376 auctor
1253 2331 1496 2385 occidendi,
1549 2332 1591 2374 in
1641 2331 1779 2374 Gallia
1824 2332 2029 2373 invaserat
2078 2330 2326 2388 Imperium.
2392 2330 2613 2374 Historiam
2655 2330 2809 2374 horum
2845 2324 3051 2375 bellorum
3094 2335 3203 2376 civi-
3279 2347 3289 2363 ³

596 2399 700 2440 lium
745 2403 885 2439 narrat
929 2396 1077 2438 Aelius
1127 2395 1339 2451 Spartian.
1387 2396 1429 2436 in
1481 2395 1635 2436 Severo
1683 2407 1720 2436 c.
1772 2394 1942 2436 8—11.
1988 2399 2027 2434 et
2077 2393 2120 2435 in
2167 2393 2396 2435 Pescennio
2443 2392 2575 2452 Nigro
2624 2406 2663 2437 c.
2711 2395 2850 2437 3—5.
2914 2394 2995 2437 Iul.
3037 2394 3203 2457 Capito-

595 2461 705 2502 linus
753 2460 796 2501 in
848 2458 1002 2501 Albino
1050 2472 1089 2498 c.
1140 2459 1311 2500 7-12,
1367 2458 1410 2499 in
1458 2457 1600 2516 primis
1635 2471 1733 2501 vero
1780 2456 1859 2501 Dio
1904 2456 2062 2499 Cassius
2108 2456 2155 2499 L.
2202 2455 2392 2501 LXXIV.
2440 2470 2476 2498 c.
2528 2458 2555 2498 6
2590 2470 2683 2515 sqq.
2749 2456 2860 2499 Add.
2900 2457 3000 2501 Aur.
3035 2460 3200 2504 Victor.

600 2523 652 2565 de
685 2523 848 2565 Caesar.
881 2535 921 2563 c.
958 2522 1017 2562 20
1052 2527 1092 2562 et
1127 2520 1170 2561 in
1204 2519 1396 2577 Epitome
1431 2533 1470 2562 c.
1505 2521 1582 2562 20.
2627 2521 2629 2524 ’

663 2586 885 2628 Praeterea
944 2584 1055 2626 circa
1109 2581 1310 2625 Arabiam
1366 2582 1489 2640 plura
1550 2582 1699 2640 gessit;
1752 2588 1793 2624 et
1841 2579 2007 2625 Parthis
2051 2582 2095 2623 in
2146 2579 2347 2623 ditionem
2395 2579 2578 2623 redactis
2619 2588 2660 2633 et
2702 2581 2954 2635 Adiabenis,
3002 2598 3039 2626 a.
3092 2585 3197 2628 954.

602 2663 669 2690 eas
734 2646 924 2704 regiones
984 2646 1029 2687 in
1083 2646 1322 2702 provinciae
1370 2646 1550 2686 sormam
1600 2643 1786 2702 redegit,
1837 2659 1946 2703 quae
1996 2658 2093 2686 curn
2141 2644 2370 2686 Pescennio
2420 2650 2647 2686 senserant.
2713 2645 2853 2704 Atque
2902 2644 2956 2687 ob
3004 2645 3087 2690 huc
3134 2662 3200 2690 re-

599 2726 769 2761 versus,
836 2705 1050 2765 triumpho
1101 2707 1266 2759 delato,
1328 2708 1579 2759 Anninus,
1623 2706 1943 2759 Amans-micus,
1990 2708 2242 2750 humens
2274 2706 2507 2763 appellatus
2555 2713 2628 2748 est.
2696 2707 2778 2754 vid
2827 2708 2920 2752 Ael.
2970 2710 3108 2766 Spart.
3155 2713 3201 2754 in

595 2775 754 2817 Severo
789 2786 827 2814 c.
864 2773 909 2814 9.
973 2771 1054 2814 Dio
1085 2770 1242 2818 Cassius
1273 2771 1319 2812 L.
1352 2770 1521 2815 LXXV.
1556 2784 1595 2812 c.
1633 2770 1676 2812 9.
1711 2785 1753 2828 p.
1790 2771 1895 2813 853.
1930 2770 1980 2813 E.
2012 2785 2103 2828 sqq.

661 2836 893 2879 Maximum
959 2839 1129 2884 autem,
1195 2838 1242 2874 ut
1310 2832 1451 2875 Aelius
1514 2832 1755 2888 Spartianus
1819 2845 1858 2873 c.
1925 2833 1999 2874 18.
2052 2831 2223 2882 scribit,
2281 2830 2424 2873 Severi
2473 2830 2637 2887 imperii
2685 2829 2812 2876 decus
2860 2840 2946 2884 est,
2995 2833 3109 2890 quod
3155 2835 3198 2876 in

598 2898 818 2942 Britannia
868 2895 1155 2955 perpetravit;
1206 2896 1250 2938 in
1302 2908 1429 2954 quam
1479 2894 1697 2953 profectus
1746 2900 1805 2938 est
1854 2907 1895 2937 a.
1944 2894 2050 2938 961.
2117 2893 2236 2937 Hanc
2283 2893 2415 2952 igitur
2461 2891 2666 2947 insulam,
2717 2907 2825 2954 quae
2874 2893 3196 2940 Caledoniorum

601 2960 913 3004 incursionibus
955 2959 1137 3001 obnoxia
1182 2964 1293 3011 erat,
1345 2971 1467 3000 muro
1514 2965 1744 2999 transverso
1793 2971 1869 3015 per
1914 2957 2081 3001 XXXII
2125 2970 2320 3014 passuum
2366 2955 2481 2999 milia
2529 2955 2682 3010 ducto,
2733 2958 2946 3017 utrimque
2980 2958 3034 3001 ad
3067 2958 3195 3002 finem

591 3025 754 3079 Oceani
821 3023 1026 3064 munivit:
1097 3019 1211 3062 unde
1279 3021 1408 3061 etiam
1455 3020 1722 3061 Bn'iunmcr
1769 3032 1922 3060 nomen
1967 3020 2147 3075 accepit.
2234 3017 2331 3062 vid.
2378 3019 2455 3060 Dio
2498 3018 2655 3065 ,Cassius
2700 3020 2746 3064 L.
2794 3020 2985 3065 LXXVI.
3029 3034 3069 3064 c.
3120 3025 3192 3065 11.

594 3102 638 3147 p.
699 3085 809 3128 866.
890 3084 993 3126 Aur.
1054 3083 1204 3127 Victor
1264 3081 1316 3123 de
1369 3081 1483 3123 Caes.
1540 3095 1578 3123 c.
1627 3081 1701 3122 20.
1784 3081 2009 3137 Eutropius
2052 3081 2098 3122 L.
2148 3080 2269 3125 VIII.
2317 3094 2356 3122 c.
2412 3081 2484 3136 19.
2567 3081 2737 3125 Orosius
2785 3082 2831 3126 L.
2882 3082 2978 3127 VII.
3025 3097 3063 3126 c.
3120 3087 3192 3128 17.

591 3147 677 3206 ‚Sed
724 3147 908 3190 subactis
957 3144 1184 3203 gentibus,
1235 3159 1348 3202 quae
1395 3143 1637 3186 Britanniae
1684 3141 1933 3185 videbantur
1979 3142 2180 3198 infestae,
2229 3157 2341 3186 anno
2388 3143 2554 3201 imperii
2600 3143 2767 3198 decimo
2808 3151 2981 3197 octavo,
3017 3154 3064 3188 ut
3101 3147 3193 3189 Ael.

591 3213 737 3269 Spart.
788 3224 826 3253 c.
880 3209 951 3251 19.
1004 3207 1180 3259 scribit,
1230 3205 1411 3249 Eboraci
1457 3206 1500 3249 in
1549 3205 1793 3259 Britannia,
1821 3205 1990 3263 'morbo
2037 3205 2274 3263 gravissimo
2320 3206 2548 3249 exstinctus
2593 3214 2654 3250 est
2696 3207 2779 3249 iam
2821 3221 2972 3259 senex,
3019 3207 3066 3251 id
3105 3216 3189 3260 est,

591 3274 759 3329 expleto
792 3270 983 3314 nondum
1016 3271 1149 3314 LXVI
1183 3270 1329 3311 aetatis
1361 3276 1489 3310 anno.

659 3336 756 3384 Fuit
815 3336 903 3377 sine
962 3332 1095 3375 dubio
1153 3333 1333 3374 Severus
1395 3331 1494 3373 felix
1557 3343 1607 3371 ac
1664 3330 1845 3391 prudens
1904 3332 2029 3374 armis
2075 3331 2330 3391 praecipue,
2377 3332 2452 3390 qui
2499 3330 2616 3385 nullo
2664 3344 2891 3389 congressu
2938 3333 3014 3376 nisi
3062 3334 3192 3377 victor

639 3502 697 3545 (*)
746 3498 852 3535 Subit
885 3496 976 3533 mihi
1011 3498 1175 3543 cogitatio
1207 3508 1250 3530 an
1282 3496 1476 3543 legendum
1500 3497 1546 3530 sit
1563 3496 1734 3540 punice
1757 3497 1978 3531 declamavit.
2026 3496 2156 3531 Auctor
2177 3495 2359 3542 Epitomes
2379 3495 2423 3530 de
2447 3495 2656 3531 Caesaribus
2677 3508 2708 3530 e.
2732 3495 2809 3530 XX.
2832 3496 2867 3529 ⁷.
2911 3496 3057 3530 Latinis
3078 3497 3192 3531 literis

589 3547 801 3600 ,sufficienter
848 3545 1059 3588 instructus.
1119 3544 1267 3576 Graecis
1290 3543 1509 3577 sermonibus
1543 3541 1720 3575 eruditus.
1777 3543 1973 3575 Punica
2005 3542 2203 3586 eloquentia
2228 3543 2432 3588 promptior
2448 3566 2458 3586 ,
2496 3543 2624 3587 quippe
2643 3542 2788 3585 genitus
2810 3541 2906 3587 apud
2926 3542 3066 3587 Leptim
3094 3553 3191 3587 pro-

584 3603 719 3628 vinciae
753 3589 914 3634 Africae.
949 3591 953 3595 “
