3442 4094
1530 98 1592 149 21

258 240 378 293 quae
400 232 569 290 prima
597 231 652 278 in
682 227 787 270 orbs
811 227 869 269 ab
895 229 1066 271 Asinio
1088 225 1302 271 Pollione
1337 242 1392 270 es·
1422 229 1660 272 manubiis
1679 229 1925 288 publicata
1956 228 2125 272 Romae
2155 237 2248 281 est,
2297 231 2441 272 unius
2475 233 2669 274 viventis
2695 237 2849 290 posita

262 299 331 339 sit
353 297 568 351 a'nurgo:
617 289 744 333 haud
788 292 967 333 minore
1015 290 1087 349 (ut
1134 290 1340 349 equidem
1388 290 1510 349 reor)
1555 292 1751 350 gloria,
1810 293 2025 349 principe
2069 300 2253 335 oratore
2296 299 2339 334 et
2378 294 2506 343 eive,
2548 308 2603 334 ex
2642 295 2731 337 illa
2770 300 2849 338 in-

260 356 534 416 gentior-uns,
580 367 696 411 quae
740 360 847 395 tunc
875 352 1014 410 ficit,
1063 352 1398 402 multitudine,
1445 354 1532 394 uni
1564 353 1679 395 Itane
1705 369 1916 396 eoronam
1948 354 2107 407 dante,
2140 371 2280 412 quam
2306 370 2450 412 quum
2477 353 2623 396 eidem
2649 354 2851 413 Magnus

263 416 516 473 Pompeius
542 416 751 473 piratico
782 429 835 458 eae
866 414 982 458 bello
1012 412 1225 457 navalem
1255 411 1399 458 dedit.

326 478 556 522 Interfecto
618 486 759 521 autem
823 478 1027 527 Caesare,
1086 474 1142 517 ab
1200 475 1386 518 Antonio
1439 474 1647 533 quidem,
1694 477 1778 519 sive
1826 484 1999 533 propter
2039 478 2255 521 Ciceronis
2290 480 2623 522 familiaritatem·
2672 480 2850 530 invisus,

264 542 349 583 sive
407 539 523 598 quod
588 540 776 598 iniquior
839 546 929 583 erat
987 537 1249 588 dominatui,
1300 550 1400 580 cum
1441 537 1532 579 aliis
1575 539 1825 595 proscriptus
1854 546 1949 590 est,
1994 540 2066 581 sed
2116 555 2243 596 opera
2294 542 2395 583 civis
2443 541 2659 584 cuiusdam
2710 542 2851 585 Caleni

259 610 472 655 servatus,
522 610 570 645 ut
618 603 763 646 scribit
806 601 1023 658 Appianas
1069 598 1122 641 dc
1168 599 1218 643 B.
1264 599 1351 643 Civ.
1396 599 1441 642 Ι..
1475 599 1554 643 lv.
1587 613 1628 642 c.
1666 602 1742 643 47.
1805 599 2010 654 Οὑάρῤων
2045 599 2091 641 δὲ
2123 597 2176 652 ἦν
2207 600 2440 654 φιλόσοφός
2472 618 2515 642 τε
2546 605 2618 644 καὶ
2655 605 2847 659 ἱστορίας

263 665 557 718 συγγραφεύς,
607 661 946 718 ἐστρατευμένος
993 675 1037 702 τε
1087 658 1231 709 καλῶς
1271 661 1345 701 καὶ
1393 658 1755 714 ἐστρατηγηκὼς,
1802 662 1875 700 καὶ
1925 660 2025 708 ἴσως
2076 660 2149 702 διὰ
2198 657 2339 702 ταῦτα
2387 665 2445 710 ὡς
2492 664 2645 718 ἐχθρὸς
2680 681 2845 720 μογαρ..

265 728 361 783 χίας
402 726 673 782 προύγράφη.
717 720 1106 775 Φιλοτιμουμένων
1151 720 1197 763 δὲ
1232 720 1366 763 αὐτὸν
1395 719 1700 770 ὑποδέξασθαι
1729 723 1818 763 τῶν
1851 723 2095 776 γνωρίμων,
2126 724 2199 763 καὶ
2233 722 2510 776 διεριζόντων
2546 726 2587 771 ἐς
2618 725 2845 777 ἀλλήλους,

262 787 468 843 Καληνὸς
517 787 738 840 ἐξενίκησε
759 817 771 836 ,
805 785 882 841 xcii
911 779 1025 840 εἶχεν
1062 781 1110 826 ἔν
1139 781 1315 825 ἐπαύλει
1337 815 1351 835 ,
1384 783 1502 825 ἔνθα
1534 782 1792 831 ’Art-&moe
1821 784 1892 825 ὅτε
1924 782 2111 825 διοδεύοι
2143 788 2371 836 κατήγετο·
2400 787 2473 826 καὶ
2505 786 2581 827 τὸν
2611 786 2846 841 Οὺάῤῥωνα

260 849 400 898 οὐδεὶς
443 848 575 891 ἔνδον
623 849 739 889 ὄντα
783 844 968 900 ἐνέφηνε
1013 848 1275 900 θεράπων,
1300 847 1399 887 οὔτε
1450 844 1582 887 αὐτοῦ
1631 845 1917 899 Οὐάρρωνος,
1966 847 2065 888 οὔτε
2093 845 2321 900 Καληνοῦ.
2384 849 2568 905 Direptis
2605 856 2747 891 autem
2785 851 2849 892 bi-

259 911 484 955 bliothecis
529 910 613 953 suis
659 922 918 967 quamquam
965 922 1136 966 gravem
1175 910 1382 952 iacturam
1431 922 1598 965 passus,
1640 909 1853 966 reliquum
1905 910 2011 950 vitae
2058 917 2256 966 tempus,
2303 911 2419 953 nulla
2468 912 2760 967 interpellante
2789 915 2846 964 ri,

255 982 394 1016 totum
439 973 603 1029 peregit
649 972 693 1013 in
742 971 872 1013 literis
914 971 1181 1029 plurimaque
1227 972 1491 1026 composuit,
1539 971 1595 1011 ita
1632 978 1677 1012 ut
1709 972 2016 1026 octogesimum
2049 980 2245 1029 quartum
2278 975 2420 1025 aetatis
2447 988 2606 1015 annum
2640 975 2847 1028 ingressus

259 1041 466 1077 memoret
510 1048 553 1075 se
594 1032 925 1090 quadringentos
975 1034 1200 1089 nonaginta
1244 1032 1372 1074 libros
1418 1032 1715 1087 conscripsisse.
1794 1033 1863 1075 Sic
1912 1033 2021 1074 enim
2071 1034 2247 1088 legimus
2293 1035 2405 1090 apud
2456 1035 2645 1078 Gellium
2689 1036 2846 1079 L.111.

257 1113 297 1140 c.
337 1100 408 1139 10.
449 1099 520 1139 17.
588 1095 629 1137 T
625 1112 702 1137 um
734 1096 804 1137 ibi
837 1094 1001 1147 addit,
1034 1111 1079 1136 se
1111 1110 1283 1153 quoque
1314 1096 1413 1137 iam
1443 1093 1758 1138 duodecimam
1789 1105 2017 1138 annorum
2046 1094 2357 1139 hebdomadem
2384 1099 2655 1156 ingressum
2682 1115 2774 1140 esse
2808 1108 2849 1141 et

259 1158 322 1202 ad
367 1174 467 1201 eum
506 1156 627 1201 diem
673 1158 977 1217 septuaginta
1033 1155 1331 1199 hebdomadas
1379 1156 1608 1199 librorum
1656 1159 2016 1215 conscripsisse:
2066 1173 2118 1200 ex
2175 1159 2341 1217 quibus
2385 1160 2596 1218 aliquam
2647 1161 2847 1211 multos,

261 1237 402 1279 quum
437 1222 741 1279 proscriptus
784 1227 924 1271 esset,
976 1218 1178 1276 direptis
1224 1219 1512 1261 bibliothecis
1557 1221 1681 1270 suis,
1730 1230 1819 1262 non
1866 1223 2189 1277 comparuisse.

243 1307 247 1310 ·
318 1286 438 1328 Diem
487 1283 592 1327 obiit
640 1297 678 1326 a.
730 1283 833 1325 727.
881 1283 1188 1340 nonagenarius
1237 1297 1285 1325 ex
1335 1283 1651 1340 computatione
1678 1282 1846 1325 Eusebii
1871 1284 1914 1324 in
1940 1282 2147 1326 Chronico
2177 1284 2230 1326 ad
2262 1284 2433 1343 Olymp.
2472 1287 2576 1328 188.
2614 1290 2675 1329 n0.
2709 1287 2843 1329 1989.

254 1346 324 1390 sed
367 1359 478 1389 anno
525 1344 799 1390 LXXXVIII.
836 1343 977 1387 adhuc
1009 1345 1215 1401 scripsisse
1249 1343 1431 1386 traditur
1462 1358 1485 1385 a
1520 1345 1656 1387 Plinio
1689 1345 1735 1387 L.
1769 1346 1925 1387 XXIX.
1960 1359 1999 1387 c.
2037 1352 2079 1389 4.
2118 1345 2230 1404 (18.)

307 1469 404 1510 Gffr.
440 1468 674 1518 Vossius,
710 1467 762 1508 de
796 1468 900 1509 Hist.
934 1468 1027 1510 Lat.
1058 1468 1104 1509 L.
1137 1468 1173 1508 Ι.
1208 1481 1252 1509 ο.
1287 1468 1360 1509 12.
1392 1465 1496 1507 Bab
1511 1482 1550 1516 r,
1586 1468 1626 1520 §.
1662 1467 1768 1507 200.
1803 1466 1851 1507 T.
1886 1466 1943 1508 11.
1979 1483 2022 1523 p.
2052 1468 2135 1508 32.-

1289 1601 1807 1653 Fragmenta.

313 1710 346 1776 †
368 1718 636 1778 (Charisius
669 1718 723 1761 L.
758 1717 799 1761 I.
827 1732 877 1774 p.
914 1715 1009 1774 69.)
1079 1717 1244 1773 Serapis
1290 1715 1535 1773 Serapidis
1559 1717 1704 1758 volunt
1723 1716 1987 1772 grammatici
2017 1716 2199 1772 genitivo
2231 1730 2327 1758 casu
2362 1716 2444 1758 dici
2465 1750 2475 1767 ,
2514 1732 2597 1759 non
2631 1716 2835 1776 Serapis,

248 1782 363 1842 quod
407 1782 545 1825 omnia
593 1780 764 1824 nomina
814 1780 1087 1837 graecanicae
1136 1778 1297 1837 figurae
1345 1780 1389 1822 is
1421 1780 1643 1823 terminata
1693 1780 1736 1822 in
1781 1779 1967 1836 genitivo
2017 1792 2204 1822 crescere
2250 1778 2406 1838 syllaba
2442 1779 2618 1833 debent,
2667 1789 2712 1825 ut
2760 1784 2837 1826 lris

249 1844 430 1896 Iridis,
476 1845 548 1887 Isis
595 1842 764 1895 Isidis,
811 1843 985 1900 Hymnis
1029 1842 1309 1898 Hymnidis.
1361 1844 1475 1884 Paris
1521 1842 1736 1885 Paridis.
1799 1842 1879 1884 Sed
1918 1850 1958 1883 et
1988 1857 2120 1899 quum
2152 1843 2278 1884 latine
2308 1843 2507 1885 declinari
2540 1847 2717 1900 possint,
2753 1861 2835 1888 non

248 1915 309 1949 est
348 1920 511 1949 necesse
554 1904 901 1947 consuetudinem
947 1905 1107 1946 ratione
1152 1905 1404 1954 reformare,
1445 1906 1683 1961 praesertim
1729 1918 1862 1961 quum
1911 1903 2016 1945 adsit
2063 1907 2315 1946 auctoritas:
2361 1906 2467 1946 Nam
2515 1914 2556 1947 et
2604 1908 2733 1950 Varro
2781 1909 2833 1949 de

244 1970 343 2013 Vita
388 1970 630 2020 Sua„non
667 1974 830 2008 tantum
875 1966 1015 2007 liuius
1060 1964 1251 2022 Serapis
1284 1966 1509 2008 declinavit
1538 1964 1610 2008 sed
1659 1973 1700 2008 et
1743 1965 1871 2016 Isis,
1916 1965 2031 2022 quod
2078 1966 2206 2022 paulo
2239 1974 2299 2008 est
2331 1966 2507 2019 durius,
2557 1976 2596 2009 et
2632 1970 2834 2025 Virgilius

250 2031 374 2073 Irim
406 2030 510 2073 dicit
542 2036 585 2072 et
618 2028 791 2071 Parim
824 2035 865 2070 et
900 2026 942 2070 T
935 2028 1112 2085 ygrim.

1123 2158 1126 2161 ”
1205 2148 1242 2211 §.
1279 2157 1329 2200 6.
1387 2156 1441 2199 Μ.
1477 2153 1661 2198 Τυιιωε
1694 2156 1873 2199 Cremo.

307 2273 376 2323 Ad'
417 2280 659 2323 Ciceronem
710 2279 946 2336 progressi,
993 2271 1046 2320 de
1092 2278 1218 2320 huius
1264 2280 1344 2321 vita
1397 2286 1437 2321 et
1486 2279 1610 2322 rebus
1657 2279 1810 2336 gestis,
1854 2286 1997 2335 utpote
2045 2274 2169 2335 vulgo
2215 2280 2310 2320 satis
2358 2281 2564 2337 cognitis,
2616 2288 2822 2331 tacentes,

244 2357 359 2385 nunc
400 2343 572 2400 quidem
620 2341 754 2383 solum
801 2334 1127 2383 memorabimus
1172 2355 1374 2397 quosnam
1424 2341 1493 2383 ille
1538 2342 1749 2396 scripserit
1793 2340 1920 2382 libros
1969 2342 2042 2398 qui
2092 2341 2145 2382 ad
2181 2348 2365 2383 nostrum
2398 2349 2693 2397 argumentum
2728 2358 2823 2398 pcr-

239 2406 372 2447 tine're
432 2403 641 2447 videntur.
723 2402 899 2458 Scripsit
960 2409 1101 2445 autem
1152 2416 1236 2444 non
1280 2401 1436 2453 semel,
1485 2399 1559 2444 sed*
1606 2403 1764 2459 saepius
1809 2401 1861 2445 de
1904 2403 1984 2444 vita‘
2031 2417 2103 2444 sua
2154 2409 2195 2444 et
2245 2401 2297 2443 de
2345 2402 2465 2444 rebus
2509 2417 2530 2444 a
2576 2417 2617 2445 se
2665 2406 2820 2460 gestis:

238 2466 313 2523 qui
361 2464 455 2508 libri
504 2472 676 2516 tamen,
724 2476 906 2522 quorum
956 2462 1082 2524 eraut*
1121 2463 1191 2505 alii
1232 2463 1377 2507 Latine
1421 2463 1490 2506 alii
1531 2459 1725 2516 Graece,
1775 2463 1845 2506 alii
1890 2464 2019 2521 ligata
2062 2464 2131 2505 alii
2172 2463 2302 2505 soluta
2353 2465 2536 2513 oratione
2571 2467 2825 2521 conscripti,

238 2528 422 2585 exceptis
467 2522 723 2585 paucissimis
768 2527 1042 2583 fragmentis,
1082 2525 1322 2583 temporum
1367 2527 1518 2569 iniuria
1562 2525 1724 2567 dudum
1765 2527 1982 2583 perierunt
2021 2539 2177 2565 omnes.
2245 2526 2304 2565 De
2350 2527 2481 2566 titulis
2525 2534 2566 2566 et
2607 2528 2824 2583 fragmen-

243 2592 297 2632 tis
335 2590 485 2632 horum
532 2579 735 2632 librorum
786 2589 1071 2651 undequaque
1119 2588 1418 2646 conquirendis
1466 2590 1566 2630 olim
1614 2590 1696 2629 iam
1745 2588 1854 2629 bene
1903 2595 2148 2629 meruerunt
2179 2586 2303 2629 Rob.
2350 2588 2678 2644 Stephanus,
2714 2590 2820 2632 Car.

239 2651 515 2708 Sigonius,
565 2651 793 2708 praecipue
842 2662 941 2694 vero
986 2649 1155 2710 Andr.
1190 2648 1502 2693 Patricius:
1538 2663 1718 2709 quorum
1752 2648 1912 2691 labores
1940 2649 2199 2692 coniunctim
2234 2647 2366 2691 edidit
2400 2649 2461 2693 Is.
2486 2650 2821 2708 Verburgius

237 2717 282 2756 in
329 2713 428 2757 edit.
461 2712 672 2756 Ciceronis
714 2712 810 2756 Vol.
852 2713 905 2755 X.
950 2719 1040 2754 tum
1093 2726 1190 2754 vero
1235 2719 1374 2754 nostra
1424 2719 1593 2763 aetate,
1632 2725 1740 2768 quae
1783 2712 1907 2752 etiam
1954 2710 2034 2752 hac
2083 2711 2127 2752 in
2176 2725 2220 2752 re
2274 2712 2494 2768 complura
2539 2713 2825 2769 suppeditavit

236 2775 416 2818 subsidia
447 2788 576 2826 nova,
607 2774 672 2817 Ca
686 2788 720 2815 r.
749 2772 890 2817 Frid.
919 2774 1045 2831 Aug.
1075 2771 1308 2834 Nobbius
1338 2774 1381 2815 in
1409 2773 1615 2816 Ciceronis
1643 2772 1853 2829 Operibus
1886 2786 1971 2813 uno
2004 2772 2214 2813 volumine
2248 2773 2577 2830 comprehensis.
2630 2775 2821 2831 Lipsiae

240 2835 375 2881 1827.
430 2838 491 2879 4⁰.
541 2836 578 2878 1.
628 2834 673 2878 C.
724 2835 967 2878 Orellius
1012 2838 1055 2877 in
1098 2834 1208 2877 Edit.
1242 2835 1379 2879 Cicer.
1411 2836 1507 2880 Vol.
1540 2836 1617 2879 lv.
1653 2835 1700 2875 P.
1734 2835 1792 2876 II.
1826 2841 1868 2875 et
1899 2834 1937 2875 Ι.
1969 2835 2020 2875 Α.
2055 2834 2102 2876 C.
2137 2844 2232 2875 van
2264 2832 2505 2886 Heusde,
2558 2838 2612 2878 Μ.
2661 2838 2822 2878 Tullius

234 2896 379 2943 Cicero
408 2894 705 2951 φιλοπλάτων.
742 2887 951 2939 Traiecti
976 2897 1039 2939 ad
1061 2888 1149 2939 sih.
1181 2895 1315 2938 1836.
1348 2898 1411 2940 8⁰.
1478 2898 1571 2938 Post
1601 2910 1781 2954 quorum
1813 2898 1995 2937 virorum
2027 2895 2367 2948 lucubrationes,
2401 2898 2518 2938 nobis
2549 2898 2722 2955 quidem
2743 2931 2755 2950 ,
2790 2902 2820 2940 si

236 2962 410 3004 velimus
447 2959 575 3001 libros
623 2958 716 2999 illos
757 2972 973 3001 recensere
1016 2959 1069 3001 ad
1120 2960 1314 3015 temporis
1355 2958 1570 3010 ordinem,
1633 2973 1716 3015 quo
1759 2958 1913 3014 singuli
1955 2972 1978 2999 a
2024 2957 2231 3000 Cicerone
2276 2958 2472 3001 videntur
2516 2974 2600 3001 esse
2647 2964 2818 3017 scripti,

234 3025 419 3081 primum
467 3018 761 3065 memorandus
807 3027 868 3063 est

300 3146 362 3206 1.)
407 3147 570 3190 Liber
604 3146 666 3188 de
712 3147 818 3188 su'is
867 3141 1111 3187 consiliis
1154 3147 1238 3188 sive
1268 3147 1539 3204 Expositio'
1574 3154 1788 3188 suorum
1819 3139 2188 3187 consiliorum.
2253 3146 2389 3186 Huius
2422 3147 2679 3187 mentionem
2716 3147 2816 3188 facit

234 3210 436 3252 Asconius
484 3207 538 3250 ad
581 3208 700 3251 Orat.
748 3210 791 3249 in
834 3214 931 3264 toga
980 3207 1105 3250 caud.
1154 3222 1196 3264 p.
1243 3203 1349 3251 522.
1398 3205 1482 3264 O'n.
1530 3205 1629 3250 Aut
1676 3208 1722 3250 C.
1756 3208 2003 3257 Caesaris,
2039 3211 2126 3248 aut
2152 3203 2219 3249 Μ’.
2252 3202 2415 3250 Crassi
2447 3206 2629 3249 domum
2661 3209 2817 3265 signi*-

223 3269 360 3332 ficat'.
437 3263 631 3313 Etenim
692 3270 916 3312 acerrimi
963 3284 1016 3311 ac
1051 3267 1373 3326 potentissimi
1406 3268 1610 3329 fuerunt
1660 3270 1896 3313 Ciceronis
1939 3267 2262 3328 refragatores
2279 3300 2291 3319 ,
2341 3283 2484 3327 quum
2518 3270 2665 3326 petiit
2709 3285 2816 3312 con-

236 3334 445 3376 sulatum
462 3365 475 3385 ,
526 3331 645 3390 quod
687 3334 787 3375 eius
835 3333 887 3373 in
931 3325 1028 3374 dies
1067 3331 1250 3373 civilem
1295 3340 1489 3375 crescere
1536 3331 1819 3391 dignitatem
1869 3330 2324 3374 animadvertebant:
2374 3338 2417 3372 et
2471 3331 2551 3373 hoe
2593 3333 2693 3389 ipse
2740 3333 2813 3376 Ci-

235 3411 333 3439 cero
380 3391 433 3437 in
477 3395 755 3451 expositione
798 3404 986 3436 suorum
1033 3388 1336 3436 consiliorum
1381 3390 1636 3453 significat.
1703 3389 1843 3437 Eius'
1877 3400 2047 3453 quoque
2094 3394 2456 3446 coniurationis,
2507 3408 2647 3452 quae,
2684 3395 2815 3437 Cotta

233 3466 278 3501 et
346 3457 576 3515 Torquato
636 3456 756 3500 Coss.
816 3462 923 3497 ante
976 3471 1176 3505 annum.
1233 3472 1372 3515 quam
1418 3457 1523 3499 haec
1562 3456 1864 3509 dicerentur,-
1894 3455 2033 3514 facta
2082 3462 2150 3496 est
2194 3471 2223 3497 a
2269 3455 2480 3498 Catilina
2522 3463 2567 3498 et
2615 3455 2782 3499 Pisone
2796 3477 2822 3508 ,-

222 3521 403 3580 turguit
450 3519 519 3564 M.
564 3518 784 3563 Crassum
831 3525 1066 3563 auctorem
1094 3518 1267 3578 fuisse.
1331 3519 1527 3565 Eiusdem
1572 3520 1763 3564 meminit
1809 3517 2040 3571 Boethius,
2071 3519 2192 3563 cuius
2223 3517 2348 3562 verba
2377 3532 2472 3562 mox
2505 3517 2824 3570 adscribemus‚‚

230 3585 339 3626 inter
369 3584 633 3641 Fragmenta.
