3442 4094
1834 95 1900 145 42

553 234 802 284 potatorum
849 226 1095 271 facundiam
1146 220 1428 272 contendens,
1476 233 1528 264 ex
1575 233 1650 264 suo
1696 221 1786 277 ipse
1833 217 1995 264 iudicio
2042 217 2191 265 addita
2255 219 2351 266 Neo
2391 224 2447 265 iss
2490 225 2714 279 Claudio,
2763 228 2972 286 quotiens
3015 225 3166 271 meas.

557 296 665 333 tata
697 289 945 333 dissereret
959 318 974 339 ,
1009 285 1291 345 elegantiam
1322 284 1599 343 requireres.

622 352 791 408 Quibus
838 350 1047 407 perpensis
1095 347 1385 391 testimonium
1433 345 1627 388 Suetonii
1676 343 1729 386 de
1773 343 1937 388 Claudii
1982 345 2281 391 Volumiuibus
2317 346 2479 403 magis
2519 348 2673 404 inopte
2703 364 2845 407 quam
2875 352 3165 412 ineleganter

555 416 744 473 scriptis,
808 414 866 454 ita
927 408 1091 453 videtur
1153 408 1506 467 intelligendum,
1568 414 1618 451 ut
1665 407 1848 450 alterum
1897 407 2103 452 reseratur
2147 407 2201 452 ad
2253 422 2319 452 res
2363 422 2469 465 quas
2513 410 2697 466 scriptor
2739 426 2764 454 a
2812 427 2855 455 se
2902 422 3037 470 gesta·
3079 428 3165 458 esse

561 485 730 529 narrat,
764 475 946 518 alterum
977 471 1032 517 ad
1063 472 1301 530 scriptionis
1333 471 1515 516 formam
1547 470 1719 529 stiliqne
1750 471 2064 529 praestantiam.

623 599 725 644 Cffr.
771 599 1011 649 Vossius,
1062 596 1115 641 de
1157 597 1262 640 nist.
1313 598 1402 642 Lat.
1453 598 1499 642 1..
1551 598 1589 641 1.
1639 611 1679 641 c.
1730 600 1809 644 25.
1874 597 2166 650 Funccius,
2194 596 2254 641 Vde
2286 598 2459 642 Immin.
2492 597 2584 641 Lat.
2616 597 2737 654 Ling.
2772 598 3002 643 Senectute
3036 615 3074 644 c.
3105 602 3165 646 11.

560 668 598 721 §.
648 667 692 707 5.
742 678 786 721 p.
839 663 912 705 49.
981 662 1384 714 Westermann,
1435 662 1476 718 ς.
1523 662 1600 704 83.
1645 676 1689 718 p.
1736 662 1843 704 277.
1920 662 2116 718 Meyer,
2169 662 2210 717 S.
2261 660 2428 705 CXXX.
2480 676 2525 717 p.
2575 661 2679 703 574.
2748 660 2916 711 Bahr,
2966 663 3007 718 S.
3058 665 3166 706 247.

562 728 611 769 T.
664 726 724 768 11.
773 741 817 783 p.
875 727 975 767 170.
1057 723 1369 775 Weichert,
1435 724 1646 769 Excursus
1694 722 1747 766 de
1795 723 1978 780 Augusti
2026 723 2156 781 stirpe
2217 723 2406 766 Poctices
2455 722 2651 767 studiosa.
2709 721 2776 767 in:
2842 723 3002 781 Imper.
3051 724 3166 768 Caes.

563 789 749 846 Augusti
781 788 933 843 Script.
969 787 1108 843 Reliq.
1144 801 1185 842 p.
1223 787 1313 828 106
1346 800 1409 842 sq.

1606 905 2124 952 Fran-ensa.

625 1020 746 1074 Quae
803 1015 978 1075 quidem
1032 1014 1177 1058 addito
1224 1016 1396 1058 nomine
1445 1015 1544 1058 libri
1595 1023 1908 1068 memorentur,
1960 1016 2077 1059 nulla
2128 1016 2301 1059 omnino
2351 1023 2592 1073 supersunt.
2659 1018 2842 1060 Fortasse
2892 1025 3033 1063 tamen
3080 1021 3165 1064 huc

569 1080 837 1125 referendum
870 1087 961 1130 est,
1011 1078 1127 1136 quod
1177 1079 1337 1136 legitur
1379 1077 1496 1134 apud

624 1145 658 1198 †
696 1140 896 1200 (Sueten.
949 1142 1001 1182 in
1046 1139 1207 1184 Claud.
1251 1155 1287 1181 e.
1343 1137 1407 1197 2.)
1475 1139 1587 1190 Diu,
1639 1146 1769 1197 atque
1817 1141 1944 1182 etiam
1993 1146 2083 1196 post
2120 1139 2300 1182 tutelam
2335 1146 2578 1196 receptam,
2638 1139 2765 1183 alieni
2795 1141 2988 1196 arbitrii,
3024 1152 3064 1187 et
3097 1147 3175 1189 sub

567 1205 819 1262 paedagogo
866 1204 974 1253 fuit,
1027 1217 1154 1261 quem
1208 1202 1444 1244 Barbarum
1490 1209 1531 1243 ct
1576 1202 1675 1243 olim
1721 1202 2174 1259 superiumentarium,
2226 1216 2276 1244 ex
2325 1200 2530 1245 industria
2573 1201 2652 1246 sibi
2697 1203 2959 1260 appositum,
3011 1214 3056 1249 ut
3106 1224 3175 1262 se,

567 1267 895 1327 quibuscunque
941 1265 994 1308 do
1042 1265 1202 1317 causis,
1238 1279 1369 1322 quam
1413 1264 1647 1307 saevissime
1682 1269 1929 1315 coerceret,
1963 1265 2050 1321 ipse
2084 1264 2268 1322 quodam
2301 1264 2446 1307 libello
2478 1265 2769 1322 conqueritur.

1418 1395 1457 1450 §.
1496 1394 1569 1437 12.
1637 1393 1913 1447 Arx-ararum,
1949 1408 2097 1439 unu
2130 1393 2337 1439 Nuoms.

636 1550 758 1604 Quae
811 1546 1036 1603 hucusque
1092 1544 1298 1594 diximus,
1350 1542 1620 1600 pertinebant
1669 1542 1723 1585 ad
1772 1543 1903 1595 viros,
1954 1544 2028 1601 qui
2077 1558 2196 1587 suam
2244 1544 2322 1601 ipsi
2368 1544 2497 1585 vitam
2547 1544 2701 1601 scripto
2750 1554 3054 1600 narraverunt;
3105 1546 3176 1591 sed

570 1613 625 1655 ab
688 1611 771 1653 hoc
831 1610 959 1652 etiam
1011 1605 1225 1650 scribendi
1279 1620 1435 1663 genere
1491 1619 1545 1647 ne
1593 1605 1788 1647 mulieres
1850 1605 2024 1662 quidem
2074 1606 2345 1657 abstinuisse,
2404 1605 2645 1662 exemplum
2697 1607 2872 1662 praebet
2915 1597 3177 1666 Agrippina,

572 1674 838 1731 Agrippinae
904 1670 1018 1722 filia,
1081 1668 1133 1711 de
1195 1683 1280 1726 qua
1347 1680 1462 1710 nunc
1520 1666 1751 1710 dicendum
1802 1667 1894 1711 erit.
1962 1668 2077 1710 Haec
2119 1675 2291 1721 autem,
2341 1682 2470 1726 quam
2514 1669 2652 1710 nescio
2696 1670 2786 1726 quis
2830 1684 2914 1713 non
2963 1672 3177 1714 immerito

572 1737 676 1779 dixit
727 1734 877 1792 optimi
922 1732 1106 1789 parentis
1156 1731 1377 1788 pessimam
1436 1729 1597 1781 filiam,
1662 1743 1748 1772 non
1803 1732 1940 1773 minus
1996 1738 2112 1773 recto
2159 1744 2333 1789 quoque
2378 1729 2463 1773 dici
2512 1731 2637 1787 possit
2684 1730 2909 1775 foedissimi
2958 1733 3033 1776 filii
3078 1735 3173 1777 soe-

575 1800 743 1841 dissima
792 1810 958 1853 parens.
1025 1795 1129 1836 Nata
1179 1793 1292 1834 enim
1335 1808 1383 1834 ex
1433 1792 1691 1834 Germanico
1737 1800 1778 1833 et
1827 1793 2060 1849 Agrippina
2110 1814 2171 1824 ·—
2214 1806 2298 1850 qua
2349 1806 2394 1834 re
2427 1799 2469 1834 et
2501 1793 2716 1849 Agrippae
2749 1795 2884 1850 neptis
2922 1802 2963 1837 et
2993 1797 3176 1853 Augusti

577 1860 815 1918 proneptis,
877 1860 904 1909 ἠ
965 1859 1038 1898 τοῦ
1101 1854 1368 1908 Ἀγρίππου
1418 1854 1629 1904 ἔγγονος,
1682 1859 1709 1906 ή
1759 1857 1833 1894 τοῦ
1883 1854 2151 1905 Αὐγούστου
2198 1854 2445 1906 ἀπόγονος,
2496 1854 2649 1896 dicitur
2693 1869 2717 1898 a
2763 1856 2896 1898 Dione
2947 1857 3081 1901 Cassio
3128 1861 3174 1902 L.

576 1924 687 1967 LXI.
733 1936 772 1964 c.
827 1921 900 1962 14.
949 1936 992 1976 p.
1044 1919 1151 1961 696.
1197 1918 1249 1959 A.
1296 1942 1358 1949 —
1408 1932 1542 1973 quum
1584 1917 1882 1974 puellaribus
1931 1919 2096 1967 annis,
2150 1924 2197 1959 ut
2241 1917 2409 1958 Tacitus
2451 1917 2597 1959 scribit
2637 1918 2788 1960 Annal.
2823 1920 2868 1962 L.
2905 1921 3020 1965 XlV.
3056 1935 3094 1964 c.
3131 1924 3174 1965 2.

579 1994 799 2043 stuprum
839 1997 942 2024 cum
991 1980 1058 2023 .M.
1110 1978 1317 2024 Aemilio
1365 1979 1562 2036 Lepido,
1613 1995 1690 2036 spe
1737 1979 2097 2030 dominationis,
2151 1979 2436 2031 admiserat,
2487 1981 2687 2021 maritum
2740 1983 2934 2037 poposcit
2981 1998 3004 2024 a
3052 1984 3178 2026 Tibe-

580 2051 658 2091 rio.
724 2046 946 2095 Tiberius,
994 2050 1099 2085 teste
1146 2042 1293 2085 eodem
1344 2043 1389 2085 L.
1442 2043 1519 2086 tv.
1547 2056 1585 2084 c.
1621 2044 1696 2085 75.
1731 2047 1917 2099 neptem'
1942 2040 2288 2100 Agrippinam,
2325 2039 2601 2084 Germanico
2634 2050 2815 2095 ortam,
2849 2059 2991 2102 quum
3023 2061 3178 2088 eoram

583 2112 662 2154 Gn.
710 2108 925 2151 Domitio
973 2104 1278 2155 tradidisset,
1329 2106 1381 2145 iu
1427 2104 1538 2147 urbe
1585 2104 1810 2146 celebrari
1856 2106 2051 2161 nuptias
2095 2105 2254 2147 iussit.
2334 2103 2393 2146 In
2441 2103 2673 2156 Domitio,
2725 2120 2863 2163 super
2907 2115 3179 2151 vetustatem

578 2173 791 2233 generis,
838 2170 1156 2226 propinquum
1204 2166 1480 2210 Caesaribus
1528 2168 1806 2226 sanguinem
1846 2166 2080 2225 delegerat
2092 2182 2110 2217 ,⁰
2158 2181 2269 2209 nam
2312 2168 2357 2208 is
2397 2168 2554 2209 aviam
2589 2166 2852 2220 Octaviam,
2887 2176 2931 2210 et
2958 2184 3047 2226 per
3077 2187 3177 2214 eam

584 2234 858 2294 Augustum
903 2230 1182 2273 avunculum
1219 2228 1533 2288 praeferebat.
1599 2231 1696 2272 Erat
1741 2237 1884 2272 autem
1930 2231 2005 2272 iste
2051 2229 2256 2272 Domitius
2301 2244 2526 2287 arrogans,
2577 2230 2799 2287 profusus,
2860 2232 3052 2276 immitis:
3103 2236 3178 2292 qui

580 2313 736 2342 munus
784 2295 1014 2353 aliquando
1064 2294 1363 2350 gladiatorium
1417 2292 1531 2334 dedit
1576 2300 1691 2334 tanta
1737 2293 1934 2345 saevitia,
1986 2299 2033 2334 ut
2082 2306 2247 2335 necesse
2293 2293 2422 2335 suerit
2466 2293 2684 2351 Augusto,
2734 2294 2846 2337 clam
2887 2295 3040 2339 frustra
3088 2312 3179 2340 mo-

579 2364 718 2405 nitum
780 2358 921 2401 edicto
981 2356 1238 2413 prohibere3
1289 2355 1503 2397 homicida
1553 2356 1888 2405 scelestissimus,
1941 2356 2163 2396 maiestatis
2210 2370 2381 2413 quoque
2445 2363 2489 2396 et
2552 2356 2884 2409 adulteriorum,
2946 2361 3178 2419 incestique

583 2438 682 2467 cum
744 2435 883 2464 sorore
943 2416 1128 2476 Lepida,
1191 2416 1270 2460 sub
1328 2431 1497 2461 excessu
1544 2417 1700 2460 Tiberii
1748 2432 1868 2469 reus,
1918 2418 2153 2460 mutatione
2202 2424 2443 2474 temporum
2493 2420 2646 2468 evasit;
2696 2419 2954 2479 decessitque
3002 2423 3175 2479 Pyrgis,

581 2486 731 2529 morbo
798 2495 935 2541 aquae
997 2481 1230 2525 intercutis.
1295 2478 1394 2526 Vid.
1454 2480 1629 2523 Sueton.
1676 2480 1720 2522 in
1768 2479 1866 2523 Ner.
1916 2494 1956 2524 c.
2010 2480 2035 2521 4
2084 2495 2147 2537 sq.
2212 2479 2272 2523 Ex
2319 2479 2504 2523 Domitio
2547 2482 2682 2537 igitur
2726 2484 2891 2538 peperit
2935 2484 3174 2538 Neronem3

588 2551 708 2592 cuius
756 2546 991 2603 nequitiam
1041 2551 1083 2586 et
1114 2543 1391 2600 petulantiam
1434 2544 1522 2599 ipse
1571 2549 1715 2601 pater,
1763 2556 1850 2584 non
1899 2556 1947 2585 ex
1998 2541 2223 2595 vaticinio,
2272 2541 2344 2585 sed
2391 2557 2440 2585 ex
2487 2544 2570 2586 suis
2616 2551 2657 2586 et
2701 2544 2962 2601 Agrippinae
2991 2548 3179 2591 moribus

582 2610 822 2666 praedixit,
890 2607 952 2647 his
1000 2622 1097 2647 usus
1141 2605 1278 2646 verbis
1327 2605 1562 2646 secundum
1610 2607 1788 2646 Dionem
1835 2606 1883 2647 L.
1930 2606 2041 2646 LXI.
2089 2618 2128 2647 c.
2177 2607 2221 2646 2.
2272 2619 2316 2664 p.
2365 2607 2472 2648 690.
2520 2606 2566 2648 C.
2631 2606 2699 2646 ὅτι
2753 2604 3014 2652 Ἀδύνατόν
3058 2610 3177 2653 ἐστιν

580 2669 727 2723 ἄνδρα
772 2671 875 2711 τινὰ
925 2667 1104 2716 ἀγαθὸν
1156 2667 1204 2707 ἔκ
1251 2686 1296 2708 τε
1342 2666 1444 2717 ἐμοῦ
1496 2669 1570 2706 καὶ
1620 2670 1667 2706 ἐκ
1716 2668 1877 2718 ταύτης
1923 2672 2217 2718 γεννηθῆναι.

644 2732 740 2776 Mox
790 2746 916 2780 vero,
966 2745 1101 2785 quum
1150 2728 1261 2772 Nero
1310 2730 1443 2771 trium
1491 2746 1700 2770 annorum
1749 2745 1856 2784 puer
1905 2738 2033 2775 esset.
2082 2732 2319 2787 Agrippina
2366 2731 2562 2770 viduata
2614 2739 2761 2771 morte
2804 2732 3037 2785 Domitii,
3085 2742 3182 2779 sunt

579 2794 708 2842 verba
772 2791 965 2838 Suetonii
1024 2792 1068 2835 in
1127 2789 1263 2835 Galba
1322 2807 1361 2834 c.
1413 2793 1455 2835 5.
1509 2789 1708 2835 Galbam
1762 2793 1994 2834 maritum
2044 2791 2216 2843 adhuc,
2266 2792 2432 2833 nedum
2484 2792 2725 2845 caelibem,
2800 2795 2907 2836 adeo
2971 2798 3180 2839 omnibus

583 2857 867 2904 sollicitavit
925 2852 1102 2906 modis,
1165 2861 1218 2897 ut
1274 2855 1327 2897 in
1379 2862 1596 2898 conventu
1644 2862 1972 2898 matronarum
2022 2863 2236 2911 correpta
2283 2857 2472 2913 iurgio,
2522 2863 2659 2912 atque
2710 2858 2852 2897 etiam
2894 2873 3036 2900 manu
3070 2861 3180 2916 pul-

583 2929 689 2965 sata
743 2921 811 2963 sit
869 2932 899 2961 a
955 2923 1111 2960 matre
1159 2915 1371 2974 Lepidae.
1437 2917 1663 2976 Postquam
1714 2917 1845 2974 igitur
1890 2917 2042 2961 frustra
2086 2917 2267 2961 Galbam
2315 2916 2369 2961 ad
2419 2918 2585 2974 nuptias
2629 2926 2851 2971 tentasset,
2902 2921 2957 2963 ob
3003 2936 3183 2981 eamque

581 3000 697 3036 rem,
761 2991 810 3025 ut
868 2980 1069 3031 videtur,
1120 2979 1263 3022 suisset
1312 2980 1526 3037 relegata,
1576 2993 1673 3022 mox
1719 2979 1951 3023 secundum
1999 2981 2315 3024 matrimonium
2360 2980 2456 3023 iniit
2504 2994 2603 3023 cum
2648 2982 2794 3038 Crispo
2840 2983 3057 3034 Passieno,
3105 2987 3181 3044 qui

581 3065 605 3093 a
655 3047 790 3091 Plinio
838 3046 884 3089 L.
936 3044 1057 3089 XVI.
1108 3055 1148 3086 c.
1203 3044 1279 3086 91.
1333 3040 1449 3098 (44.)
1503 3042 1659 3085 dicitur
1701 3042 1773 3085 bis
1819 3042 1978 3086 consul
1992 3076 2003 3094 ‚
2047 3049 2239 3085 orator.-
2271 3040 2570 3102 Agrippinas
2601 3046 2904 3087 matrimonio
2932 3054 2975 3086 et
3004 3044 3184 3089 Nerone

574 3111 805 3171 privigno
853 3106 1059 3150 clarior-
1078 3111 1258 3164 postea.
1338 3103 1447 3157 Sed,
1496 3105 1529 3148 si
1575 3103 1677 3148 fides
1727 3103 1921 3149 habenda
1972 3112 2031 3148 est
2076 3104 2332 3149 Scholiastae
2381 3106 2588 3150 luvenalis
2635 3106 2689 3149 ad
2736 3108 2824 3150 Sat.
2878 3109 2953 3154 lv.
3004 3111 3078 3153 81.
3127 3112 3181 3153 ad

579 3191 623 3233 q.
674 3174 704 3216 l.
759 3169 1044 3214 conserendus
1088 3176 1148 3212 est
1193 3168 1319 3226 Lipsii
1366 3169 1572 3211 Excursus
1617 3167 1671 3211 ad
1718 3168 1853 3212 Tacit.
1903 3168 2014 3212 Ann.
2064 3169 2109 3212 L.
2157 3169 2255 3212 XII.
2303 3182 2343 3213 c.
2393 3170 2438 3213 6.
2503 3169 2717 3213 Passienus
2744 3171 2897 3227 periit
2924 3186 3012 3229 per
3031 3170 3179 3231 frau-

580 3238 679 3279 dem
731 3234 1058 3294 Agrippinae,
1123 3246 1263 3291 quam
1313 3230 1518 3272 heredem
1567 3231 1840 3289 reliquerat.
1917 3230 2100 3274 Possedit
2146 3239 2316 3285 autem,
2369 3240 2416 3275 ut
2463 3233 2509 3276 in
2556 3232 2706 3276 eodem
2748 3232 2908 3278 scholio
2957 3243 3180 3289 narratur,

579 3301 641 3342 bis
673 3298 787 3340 mille
819 3297 1023 3338 sestertia.

644 3360 835 3414 Denique
895 3356 1072 3400 Claudio
1131 3356 1411 3413 Imperatori,
1479 3363 1630 3411 patruo
1686 3371 1792 3407 suo,
1854 3357 1996 3413 nupsit
2045 3357 2307 3414 Agrippina3
2360 3356 2432 3398 hic
2483 3357 2597 3399 enim
2644 3357 2804 3410 suerat,
2860 3366 2909 3401 ut
2956 3361 3181 3404 Suetonius

580 3422 727 3467 scribit
775 3421 817 3462 in
860 3418 1007 3464 Claud.
1050 3434 1089 3462 c.
1139 3420 1215 3462 26.
1261 3417 1498 3461 illecebris
1547 3416 1872 3476 Agrippinae,
1926 3416 2197 3462 Germanici
2230 3419 2423 3478 fratris
2469 3421 2547 3460 sui
2578 3419 2746 3477 filiae,
2791 3436 2880 3477 per
2923 3424 3001 3464 ius
3033 3424 3178 3465 osculi

582 3494 624 3530 et
675 3481 1021 3528 blanditiarum
1067 3482 1320 3525 occasiones
1360 3479 1588 3539 pellectus
1632 3481 1686 3523 in
1733 3496 1948 3525 αηιονοηι.
2013 3482 2122 3525 Tum
2170 3478 2345 3539 igitur,
2381 3489 2429 3524 ut
2474 3482 2587 3540 apud
2630 3484 2822 3525 Tacitum
2855 3484 3035 3541 legimus
3067 3488 3179 3528 Aen.

579 3551 627 3593 L.
674 3548 774 3591 XII.
826 3558 866 3590 c.
919 3546 978 3588 26
1027 3559 1088 3602 sq.
1165 3545 1406 3602 Agrippina
1465 3551 1508 3587 et
1555 3550 1681 3587 aucta
1734 3551 1792 3587 est
1840 3552 2124 3602 cognomento
2173 3546 2413 3603 Augustae,
2464 3553 2507 3587 et
2554 3560 2640 3604 quo
2686 3546 2769 3588 vim
2811 3561 2929 3588 suam
2973 3549 3093 3591 sociis
3140 3558 3184 3591 et

582 3609 817 3657 nationibus
880 3613 1133 3660 ostentaret,
1197 3608 1242 3650 in
1304 3606 1512 3663 oppidum
1573 3605 1805 3658 Ubiorum,
1854 3610 1899 3649 in
1943 3623 2031 3664 quo
2076 3609 2216 3665 genita
2263 3617 2378 3661 erat,
2427 3617 2643 3649 veteranos
2688 3610 2983 3668 coloniamque
3027 3611 3182 3655 deduci
