3442 4094
1908 138 1969 185 10

635 283 771 319 rum,
820 274 878 312 ut
920 282 1071 313 manee
1117 266 1294 312 meula
1341 271 1719 312 revereermur:
1766 264 1920 325 Quid
1956 265 2093 318 tiu,
2128 259 2319 325 inquit,
2352 267 2498 311 mals·
2518 268 2682 327 feei,
2715 279 2778 314 ue
2809 270 2961 314 mileu·
2982 268 3240 327 peiorem

635 330 913 385 reditum,
964 345 1127 391 quam
1175 332 1400 374 exitum
1433 330 1700 387 optares?
1765 327 1950 381 Malo,
1983 335 2047 373 ut
2073 330 2284 387 patria
2315 328 2542 373 exsilio
2571 346 2685 375 mn
2715 332 3047 385 erubeseat,
3081 342 3244 390 quam

635 393 846 439 reditu
878 401 1147 439 moereat.
1216 391 1344 447 Quod
1377 393 1568 449 cogitans
1600 392 1756 435 cecinit
1788 390 1967 435 Ovidius
1998 391 2129 449 Epist.
2160 405 2209 436 ex
2243 392 2379 437 Ponto
2409 392 2447 437 1.
2481 393 2526 436 3.
2563 393 2637 436 63.

1238 518 1259 559 1
1294 530 1443 567 nunc,
1478 524 1520 558 et
1553 523 1744 560 velerum
1779 516 1899 558 nobis
1932 517 2124 573 exempla
2159 518 2345 560 virorum
2365 550 2377 570 ‚

1301 579 1388 633 Qui
1421 578 1521 621 forti
1551 592 1696 621 casum
1729 585 1874 622 mente
1907 579 2044 621 tulere
2063 610 2076 630 ‚
2109 579 2236 623 refer.

1238 641 1292 685 Et
1325 655 1452 699 grave
1484 641 1747 699 magnanimi
1780 639 1911 684 robur
1942 641 2094 684 mirare
2125 641 2291 693 Rutili,

1304 704 1400 747 Non
1433 705 1496 747 usi
1529 703 1687 747 reditus
1717 703 1961 747 conditione
1993 703 2094 747 dati.

1242 768 1423 824 Smyrna
1454 768 1590 810 virum
1623 768 1790 819 tenuit,
1825 780 1911 809 non
1943 768 2101 810 Pontus
2132 775 2175 809 et
2208 766 2364 810 hostica
2397 766 2548 819 tellus;

1305 830 1445 871 Paene
1479 832 1615 871 minus
1645 830 1764 871 nullo
1796 830 1976 886 Smyrna
2009 829 2191 886 pelenda
2218 830 2326 870 loco.

705 953 803 993 Post
853 960 939 993 tam
988 950 1281 993 aerumnosam
1334 951 1461 993 vitam
1512 966 1597 994 non
1640 953 1797 994 mirum
1849 951 2012 994 accidat
2059 952 2092 994 si
2137 949 2321 993 Rutilius
2365 950 2494 993 etiam
2538 952 2583 993 iu
2628 950 2689 993 his
2736 950 2853 993 libris
2893 950 2945 993 de
2990 948 3086 994 Vita
3127 949 3246 998 Sua,

642 1028 750 1072 quos
794 1016 837 1056 in
881 1013 1024 1056 exsilio
1067 1012 1234 1055 videtur
1282 1014 1519 1071 scripsisse,
1571 1028 1669 1057 usus
1709 1015 1759 1055 sit
1803 1015 1944 1056 tristi
1985 1013 2181 1072 quodam
2223 1020 2266 1054 et
2298 1026 2449 1054 severo
2475 1027 2641 1072 genev-e
2673 1012 2882 1064 dicendi,
2918 1014 2962 1055 in
2991 1026 3077 1070 quo
3103 1012 3248 1068 ipsum

641 1083 853 1118 versatum
900 1077 1026 1118 fuisso
1069 1083 1273 1117 memorat
1302 1077 1450 1119 Cicero
1480 1078 1526 1117 in
1560 1078 1678 1118 Brut.
1719 1089 1757 1117 c.
1798 1078 1871 1117 30.
1913 1079 2016 1117 113.
2056 1077 2159 1126 etsi,
2194 1075 2335 1117 iudice
2363 1076 2523 1117 Seneca
2554 1076 2597 1116 in
2628 1075 2757 1130 Epist.
2789 1075 2947 1119 xxlv.
2982 1077 3026 1117 3.
3060 1073 3251 1115 damna·

642 1140 813 1179 tionem
843 1152 977 1177 mam
1009 1139 1078 1177 eie
1112 1138 1261 1188 tulit,
1298 1145 1539 1194 tamquam
1571 1138 1702 1176 nilu'l
1731 1138 1817 1177 illi
1848 1138 2103 1177 molestum·
2122 1144 2237 1176 enee
2268 1137 2429 1188 aliud,
2464 1151 2603 1194 quam
2636 1136 2756 1193 quod
2787 1136 2908 1176 male
2940 1136 3247 1177 iudicaretur.

703 1238 801 1305 Cffr.
848 1261 1099 1308 Vossius.
1146 1261 1198 1304 de
1248 1262 1355 1306 Hist.
1400 1263 1490 1304 Lat.
1522 1262 1566 1305 L.
1601 1262 1635 1304 1.
1661 1277 1701 1304 c.
1740 1264 1782 1304 9.
1850 1262 2095 1312 Krause,
2127 1278 2170 1315 p.
2208 1263 2314 1303 227.
2348 1261 2761 1309 Westermann,
2790 1263 2827 1314 §.
2863 1261 2935 1302 42.
2965 1275 3009 1313 p.
3046 1260 3119 1299 91.
3152 1274 3245 1312 sqq.

643 1322 845 1381 Meyer,
888 1323 927 1380 §.
971 1322 1080 1368 XLI.
1131 1339 1174 1380 p.
1227 1323 1334 1369 263.
1385 1322 1636 1376 Ellendt,
1684 1323 1727 1380 S.
1775 1322 1850 1367 22.
1897 1340 1941 1379 p.
1988 1322 2061 1368 48.
2109 1320 2279 1375 Biihr,
2321 1323 2361 1379 S.
2410 1322 2517 1367 197.
2564 1320 2613 1366 Τ.
2659 1321 2719 1366 11.
2758 1340 2802 1379 p.
2846 1321 2922 1366 22.
2954 1318 3111 1377 quibus
3142 1317 3250 1362 adde

642 1386 709 1430 lo.
753 1384 867 1431 Chr.
922 1385 1278 1439 Wernsdorf,
1328 1385 1382 1430 ad
1433 1386 1552 1432 Ροὸῐ.
1604 1386 1694 1431 Lat.
1742 1385 1843 1430 min.
1890 1385 1939 1430 T.
1990 1385 2044 1432 V.
2096 1386 2141 1430 P.
2190 1385 2224 1430 Ι.
2278 1400 2322 1443 p.
2365 1386 2441 1431 28.
2483 1399 2545 1443 sq.

1685 1483 2207 1552 Fragmenta.

1847 1612 1970 1646 Lis.
2043 1612 2071 1644 1.

710 1721 981 1778 (Charisius
1015 1722 1068 1764 L.
1107 1721 1177 1764 II.
1208 1737 1258 1778 p.
1302 1720 1423 1779 176.)
1492 1722 1755 1765 Artificiose:
1806 1724 1854 1767 P.
1898 1724 2082 1766 Rutilius
2128 1723 2264 1765 Rufus
2314 1721 2368 1764 de
2417 1722 2516 1766 Vita
2564 1721 2649 1763 Sua
2683 1719 2791 1762 libro
2827 1719 2993 1776 primo:
3030 1719 3250 1774 Pompeius

642 1783 873 1851 ela-beravit
917 1785 978 1825 uti
1026 1785 1235 1841 populum
1283 1785 1526 1827 Romanum
1576 1792 1739 1836 nosset,
1789 1799 1974 1842 eumque
2025 1784 2248 1826 artificiose
2293 1784 2505 1826 salutaret.

1814 1903 1937 1935 Lis.
2009 1902 2076 1935 11.

709 2007 979 2067 (Charisius
1012 2009 1066 2053 L.
1104 2008 1143 2052 I.
1178 2024 1225 2066 p.
1263 2007 1386 2068 100.)
1455 2009 1538 2053 Sed
1585 2011 1699 2054 enim
1747 2012 1794 2055 P.
1841 2012 2026 2055 Rutilius
2073 2011 2124 2055 de
2175 2012 2273 2057 Vita
2323 2011 2409 2054 Sua
2456 2009 2566 2053 libro
2601 2006 2815 2052 secundo:
2866 2006 3050 2057 Animo,
3086 2005 3254 2062 inquit,

642 2078 873 2116 constante·

1793 2133 1819 2165 1.
1846 2143 1856 2165 ι
1883 2144 1915 2165 n.
1986 2133 2001 2165 1
2025 2133 2040 2166 1
2066 2133 2094 2165 1.

709 2234 979 2294 (Charisius
1014 2235 1068 2277 L.
1105 2234 1146 2276 Ι.
1180 2250 1226 2291 p.
1267 2234 1390 2294 105.)
1461 2238 1682 2282 Familiare
1728 2246 1840 2283 recte
1888 2240 1935 2283 P.
1980 2241 2162 2283 Rutilius
2209 2240 2261 2283 de
2307 2241 2402 2285 Vita
2445 2241 2530 2282 Sua
2575 2238 2682 2283 libro
2724 2237 2869 2280 tertio:
2924 2237 3003 2278 Pro
3036 2236 3083 2278 L.
3119 2235 3252 2277 fami-

671 2300 759 2342 lare
796 2298 1034 2342 veniebam.

1817 2359 1844 2392 L
1871 2370 1881 2392 1
1908 2371 1940 2394 Β.
2013 2360 2028 2393 Ι
2056 2360 2100 2392 V.

714 2470 984 2529 (Char-isim
1018 2470 1071 2513 L.
1109 2470 1151 2514 I.
1180 2487 1233 2529 p.
1270 2470 1392 2531 119.)
1464 2473 1880 2530 Vectigaliorum—-
1910 2474 2213 2531 vectigalium.
2249 2474 2294 2517 P.
2325 2488 2497 2532 quoque
2533 2473 2718 2517 Rutilius
2748 2470 2799 2514 de
2833 2471 2929 2516 Vita
2961 2462 3150 2515 Sua'lib.
3187 2471 3261 2515 IV.

645 2536 828 2576 Scaurus
856 2534 930 2576 lib.
969 2533 1050 2577 111.
1084 2534 1369 2590 Vectigalium
1405 2551 1447 2577 se
1482 2537 1620 2578 minus
1655 2537 1829 2579 fructos.

1846 2655 1968 2689 Lin.
2042 2654 2086 2689 V.

719 2764 990 2820 (Charisius
1025 2764 1079 2807 L.
1116 2764 1156 2807 I.
1186 2783 1235 2822 p.
1273 2766 1367 2822 96.)
1436 2769 1616 2818 Aedile,
1651 2771 1705 2810 ab
1740 2769 1819 2810 hoc
1855 2769 2018 2818 aedile,
2055 2784 2137 2809 non
2173 2769 2314 2809 aedili.
2382 2770 2428 2810 Ρ.
2463 2769 2647 2809 Rutilius
2680 2767 2732 2807 de
2767 2768 2863 2809 Vita
2897 2768 2981 2807 Sua
3015 2768 3181 2824 quinto.

720 2825 993 2885 (Charisius
1026 2826 1081 2868 L.
1119 2825 1159 2868 I.
1193 2844 1238 2883 p.
1280 2826 1402 2886 112.)
1472 2829 1578 2872 Orbi
1627 2846 1704 2887 pro
1757 2831 1889 2881 orbe,
1939 2829 2051 2887 apud
2104 2830 2349 2872 Ciceronem
2403 2830 2455 2871 do
2500 2831 2606 2887 Rep.
2655 2829 2731 2869 lib.
2787 2832 2828 2870 5.
2902 2827 3007 2870 Orbi
3058 2836 3263 2869 terrarum

653 2888 991 2946 comprehensos.
1058 2889 1141 2930 Sed
1189 2898 1231 2931 et
1276 2893 1323 2933 P.
1371 2894 1583 2934 Rutilium
1626 2894 1679 2935 de
1729 2894 1826 2937 Vita
1869 2894 1954 2935 Sua
1996 2894 2175 2950 quinio:
2240 2895 2301 2935 Ex
2349 2893 2443 2934 orbi
2490 2899 2718 2934 terrarum.

683 2994 756 3099 1)οὴ-
794 2990 1057 3096 (pimutedee
1091 2992 1146 3036 L.
1181 2993 1223 3037 I.
1253 3010 1303 3051 p.
1340 2995 1465 3053 371.)
1535 2998 1662 3049 Sino,
1697 2998 1806 3048 sini,
1841 3005 1887 3039 ut
1918 2997 2093 3040 Publius
2118 2998 2302 3040 Rutilius
2337 2997 2389 3039 de
2425 2998 2519 3041 Vita
2553 2997 2666 3039 Sua:
2719 2996 2843 3049 Quod
2885 2996 2920 3038 si
2971 2995 3265 3062 mebinvitum

655 3072 676 3098 a
712 3069 774 3099 ire
808 3069 947 3097 sinisse
971 3085 982 3097 .

720 3118 754 3175 †
793 3115 1057 3176 (Diomedes
1091 3115 1146 3159 L.
1183 3115 1225 3159 I.
1255 3131 1307 3175 p.
1344 3117 1471 3177 372.)
1542 3117 1715 3161 Publius
1760 3119 1946 3163 Rutilius
1996 3118 2048 3162 de
2099 3119 2196 3165 Vita
2241 3118 2355 3165 Sua:
2423 3119 2505 3163 Uni
2541 3133 2621 3162 una
2654 3126 2813 3164 ostenta
2848 3125 2923 3163 est.

720 3182 754 3237 †
793 3180 1030 3240 (Ie-‘dorm
1064 3180 1119 3220 L.
1154 3178 1257 3221 XX.
1293 3194 1329 3221 c.
1370 3184 1442 3221 11.
1482 3179 1543 3238 4.)
1613 3182 1834 3234 Lectione,
1888 3183 1973 3223 sive
2013 3182 2114 3224 lecti
2159 3183 2321 3239 plutei,
2369 3182 2421 3224 de
2461 3182 2617 3241 quibus
2660 3182 2829 3226 Satiiius
2876 3181 3012 3224 Rufus
3065 3180 3116 3223 de
3174 3181 3267 3225 Vita

659 3247 770 3286 Sua:
837 3244 1031 3285 Primum
1052 3273 1065 3291 ‚
1100 3244 1238 3299 inquit
1258 3274 1269 3292 ,
1304 3251 1450 3283 contra
1481 3244 1830 3285 consuetudinem
1864 3246 2167 3301 imperatorum
2199 3246 2285 3300 ipse
2317 3260 2392 3303 pro
2425 3246 2542 3286 lectis
2572 3246 2732 3286 lecticis
2767 3245 2979 3285 utebatur.
3169 3255 3181 3261 ·

752 3343 794 3375 In
822 3342 899 3374 loco
926 3343 1051 3375 Isidori
1085 3353 1149 3387 pro
1181 3342 1336 3375 Sat-'lius
1366 3343 1495 3384 Rufus
1521 3342 1714 3389 legendum
1745 3354 1818 3377 esse
1849 3345 2015 3378 Rutilius
2048 3344 2198 3389 Rufus,
2232 3345 2350 3385 docuit
2378 3345 2519 3392 Lipsius
2548 3345 2590 3379 nd
2614 3344 2723 3379 Tacit.
2746 3346 2864 3392 Agric.
2887 3356 2917 3379 c.
2942 3345 2973 3379 1.
3021 3344 3061 3379 In
3085 3345 3272 3378 novissima

802 3387 956 3422 editione
995 3387 1160 3421 Lindem.
1199 3387 1350 3429 legitur:
1400 3389 1567 3423 Rutilius
1605 3389 1733 3430 Rufus
1768 3390 1808 3422 de
1838 3392 1916 3422 vita
1948 3391 2145 3434 Scipionis,
2179 3397 2216 3423 ut
2252 3392 2390 3424 dudum
2419 3393 2506 3423 corr!
2534 3391 2665 3423 endum
2700 3403 2774 3423 esse
2808 3398 2989 3423 censuerat
3022 3391 3201 3423 fabricius
3235 3391 3272 3421 in

801 3431 896 3467 nihl.
918 3432 995 3466 Lat.
1020 3432 1062 3466 T.
1086 3432 1149 3466 111.
1171 3444 1210 3486 p.
1234 3432 1316 3467 375.
1363 3431 1435 3467 Sed
1461 3433 1578 3468 iudice
1602 3432 1804 3475 tuendae,
1830 3434 1982 3469 Rutilius
2005 3447 2080 3469 nun
2109 3447 2190 3469 uem
2213 3437 2352 3481 scripsit
2375 3436 2483 3470 vitam
2506 3436 2695 3481 scipionis.
2742 3435 2918 3481 Equidem
2952 3436 3100 3480 opinor,
3139 3432 3270 3468 nutili-

800 3488 893 3518 um,
928 3488 1017 3522 quse
1049 3477 1091 3509 de
1122 3477 1289 3522 Scipione
1317 3479 1507 3511 narraverit
1542 3478 1740 3511 secuudum
1773 3479 1914 3512 Livium
1948 3480 1989 3512 1..
2023 3479 2086 3513 XX
2121 3480 2180 3514 IX.
2213 3492 2243 3514 c.
2275 3481 2332 3514 52.
2356 3481 2545 3515 narravisse
2568 3482 2605 3514 in
2627 3481 2768 3514 historia
2790 3480 2878 3515 Belli
2902 3479 3132 3521 Numantini3
3159 3489 3265 3524 quom

799 3530 939 3569 partem
961 3521 1068 3557 fuisse
1090 3523 1232 3557 maioris
1253 3524 1369 3569 operis
1387 3523 1542 3561 historici
1567 3536 1670 3570 supra
1694 3524 1863 3558 diximus.
1909 3524 1980 3559 Sed
2005 3527 2041 3559 in
2065 3525 2189 3560 Isidori
2214 3525 2330 3559 verbis
2355 3525 2550 3571 amplector
2569 3527 2855 3560 emendationem
2881 3525 3007 3571 Lipsii.
