3442 4094
1971 126 2039 175 22

767 258 832 299 De
880 264 1138 314 argumento
1177 255 1304 299 buius
1350 255 1450 296 libri
1500 253 1606 296 baec
1650 253 1926 310 probabiliter
1972 251 2161 309 diqntat
2203 252 2425 296 lobbiuss
2492 256 2679 311 »Qum
2713 260 2862 305 1200„
2874 291 2889 315 ,
2921 264 3054 321 με.
3086 261 3200 322 ,pud
3234 279 3311 322 9⁶·

703 320 859 376 polum
907 321 953 363 in
995 319 1083 362 dies
1126 318 1261 375 magis
1296 317 1517 374 magisque
1556 322 1713 365 aucta.
1760 313 1964 356 insidiam
2013 314 2094 356 sibi
2136 314 2343 358 conflaret
2385 313 2606 360 bominum
2650 321 2697 363 in
2737 324 2914 368 civitate
2953 328 3218 384 potentium,
3251 334 3311 370 ut
3392 350 3395 352 >

705 382 840 426 Crassi
867 390 910 426 et
943 381 1145 429 Caesaris,
1187 379 1345 421 librom
1387 377 1442 420 de
1485 376 1703 418 consiliis
1746 378 1851 419 suis
1884 390 1961 419 seu
2006 379 2336 434 onpositiensm
2365 378 2673 422 consiliorum
2700 396 2893 428 mm
2934 388 3194 443 nmium,
3223 404 3311 448 qm

710 445 868 488 bonam
924 442 1052 484 animi
1099 440 1387 490 voluntatem,
1431 444 1536 490 aut,
1587 453 1641 481 ne
1677 438 1927 482 Consulatus
1965 438 2185 483 obtinendi
2212 454 2287 497 spe
2335 439 2577 493 excideret,
2625 441 2710 485 tois
2756 444 2955 500 preb-ret
2996 450 3189 505 civibus,
3234 459 3318 496 aur

709 507 767 550 ob
817 520 879 548 res
916 505 961 545 in
1001 501 1229 544 Consulatu
1270 501 1355 544 iam
1404 507 1539 558 gestas
1577 501 1848 543 inimicorum
1891 501 2154 543 sermonibus
2194 502 2240 543 in
2286 503 2567 560 suspicionem
2628 503 2860 548 adductam
2922 519 3140 568 put-gud,
3203 513 3311 556 lum

707 578 966 625 quamquam
1007 565 1052 605 in
1097 563 1236 613 libro,
1282 576 1411 621 quem
1455 562 1509 604 de
1548 562 1779 604 Consulatu
1819 576 1897 605 sno
1937 563 2132 619 scripsit,
2172 562 2287 605 idem
2335 566 2466 622 ogiae
2519 564 2651 608 videri
2703 574 2871 622 potent,
2918 576 3061 614 temen
3106 574 3312 632 singulari

706 629 748 671 id
813 628 956 668 libello
1012 626 1159 667 fecisse
1199 626 1369 667 Asconii
1418 632 1459 666 et
1509 624 1675 665 Boethii
1713 625 1954 667 testimonio
2000 625 2267 682 intelligitur.
2333 626 2606 685 Quapropter
2651 626 2766 671 bunc
2806 630 2920 672 circa
2960 632 3208 677 Consulatus
3248 639 3311 681 sui

706 698 896 746 tempora
928 688 1156 731 confecisse
1189 685 1295 728 mibi
1328 685 1542 729 videtur.''

770 752 948 810 sigonio
996 749 1069 793 hic
1115 748 1225 792 liber
1267 762 1399 792 »non
1443 749 1547 791 alius
1591 748 1758 792 videtur
1804 762 1918 799 esse,
1969 762 2099 807 qoam
2144 749 2211 798 is.
2255 763 2385 808 quem
2443 750 2520 794 nio
2562 752 2752 810 appellat
2801 751 3051 809 ἅπόρῤςι-ον
3099 754 3309 813 βίβλων,

709 816 753 858 in
801 828 889 873 quo
935 814 1137 856 rationem
1182 826 1326 855 rerum
1372 826 1396 854 a
1445 825 1487 854 se
1531 812 1575 853 in
1606 826 1650 854 re
1682 811 1857 868 publica
1885 818 2077 855 actarum
2111 811 2364 856 reddebat.”
2429 813 2514 857 Sed
2542 829 2634 859 mea
2667 816 2865 874 opinione
2892 817 3054 861 fallitur
3084 819 3307 876 Sigonius,

710 879 766 919 ab
810 879 899 933 ipso
940 877 1111 923 fortasse
1153 875 1289 917 Dione
1333 876 1377 916 in
1424 887 1612 915 errorem
1660 873 1901 925 deductus,
1942 876 2046 931 qui,
2091 875 2137 917 1..
2184 876 2383 917 XXXIX.
2410 890 2450 922 c.
2489 878 2563 920 10.
2610 880 2686 921 39.
2737 893 2780 934 p.
2819 881 2893 922 96.
2928 881 2978 924 1).
3010 889 3311 938 argumentum
3398 916 3409 925 ,

705 952 1045 1044 ροὲηωὲξηοταυε
1085 937 1192 985 alius
1238 937 1398 995 operis,
1442 935 1495 978 de
1543 934 1840 994 Temporibus
1867 938 2000 990 suis,
2035 937 2208 983 titulum
2237 937 2427 980 nominat
2452 938 2553 993 moi
2582 941 2673 982 τῶν
2705 941 2863 985 ἑαυτοῦ
2893 939 3233 1004 βουλευμάτων,
3265 952 3312 992 ut

706 1017 750 1050 in
775 1017 817 1044 ra
885 1015 1064 1045 ncemus.

772 1123 876 1171 Cffr.
908 1122 1284 1180 Verburgius,
1316 1137 1360 1184 p.
1399 1122 1536 1169 4009.
1570 1122 1841 1173 Nobbius,
1878 1135 1918 1178 p.
1957 1124 2094 1165 1174.
2129 1122 2404 1174 Orellius,
2437 1137 2480 1181 p.
2518 1124 2624 1170 491.

1752 1242 2273 1288 Fran-enta·

777 1353 1019 1411 (Boethius
1050 1350 1102 1392 de
1134 1350 1320 1392 Musica
1353 1350 1410 1392 L.
1447 1350 1488 1391 Ῑ.
1523 1365 1560 1390 c.
1600 1347 1660 1406 1.)
1728 1348 1855 1402 Quod
1905 1350 2066 1392 scilicet
2110 1349 2273 1392 Marcus
2323 1350 2484 1393 Tullius
2518 1358 2823 1395 commemorat
2854 1353 2898 1396 in
2927 1368 2978 1395 eo
3011 1353 3152 1408 libro,
3187 1372 3315 1413 quem

713 1416 764 1459 de
813 1415 995 1457 consiliis
1040 1414 1123 1456 suis
1170 1412 1435 1469 composuit,
1477 1412 1595 1455 aliter
1647 1410 1854 1469 quidem,
1896 1410 1967 1455 sed
2017 1409 2100 1455 hoc
2149 1410 2306 1457 modo:
2355 1410 2439 1455 Sed
2490 1419 2538 1455 ut
2582 1411 2723 1471 aliqua
2771 1413 3044 1460 similitudine
3074 1415 3312 1472 adductus,

714 1478 903 1521 maximis
949 1477 1126 1519 minima
1170 1475 1418 1525 conferam,
1464 1480 1511 1516 ut
1554 1488 1690 1532 quum
1735 1474 1937 1528 vinolenti
1980 1473 2289 1527 adolescentes,
2323 1473 2524 1517 tibiarum
2555 1476 2683 1518 etiam
2714 1482 2873 1527 cantu,
2913 1484 2958 1520 ut
2990 1477 3066 1530 fit,
3097 1481 3310 1534 instincti,

713 1541 902 1583 mulieris
943 1538 1124 1596 pudicae
1174 1538 1282 1580 fores
1328 1538 1600 1591 frangerent,
1646 1536 1909 1578 admonuisse
1953 1537 2202 1587 tibicinam,
2250 1544 2297 1578 ut
2344 1536 2578 1593 spondeum
2611 1546 2812 1588 caneret,
2850 1538 3105 1598 Pythagoras
3134 1542 3311 1588 dicitur.

712 1600 838 1656 Quod
868 1616 1004 1660 quum
1034 1601 1105 1642 illa
1140 1600 1329 1650 fecisset,
1363 1598 1556 1640 tarditate
1588 1598 1825 1649 modorum,
1855 1605 1894 1640 et
1928 1599 2130 1655 gravitate
2160 1606 2321 1650 cantus,
2355 1600 2524 1642 illorum
2555 1601 2766 1645 furentem
2798 1603 3072 1658 petulantiam
3102 1605 3312 1652 resedisse.

802 1679 935 1715 Orellio
956 1680 1096 1713 videtur
1118 1679 1287 1713 Boethius
1308 1679 1394 1713 haec
1417 1679 1545 1712 habere
1571 1690 1616 1711 ex
1637 1677 1836 1722 Augustino
1857 1685 1974 1712 contra
1997 1678 2175 1714 Iulianum
2200 1678 2317 1725 Pelag.
2344 1679 2382 1713 L.
2412 1679 2456 1712 V.
2480 1691 2512 1713 c.
2536 1680 2572 1714 5.
2598 1680 2634 1723 ᾗ.
2658 1679 2716 1713 23.

764 1787 968 1892 §Ii-'ronta
999 1786 1094 1829 Ex.
1128 1785 1340 1828 Elocutt.
1368 1799 1417 1839 p.
1456 1786 1562 1825 364.
1599 1782 1748 1839 Rom.)
1817 1785 1966 1840 Neque
2015 1784 2202 1826 adsidere
2247 1785 2476 1826 Gabinium
2523 1795 2595 1827 aut
2640 1786 2801 1841 alloqui
2843 1788 2886 1828 in
2933 1791 3048 1830 curia
3089 1791 3311 1848 quisquam

706 1865 760 1896 nu
794 1865 815 1892 e
848 1857 906 1891 at.

799 1930 871 1964 1100
904 1928 1155 1972 Fragmentum
1189 1927 1288 1971 (sunt
1321 1925 1435 1978 verba·
1458 1925 1598 1966 Orellii)
1618 1950 1628 1966 ,
1652 1926 1752 1970 quod
1786 1937 1880 1960 nune
1910 1927 2069 2004 &imum
2091 1925 2224 1961 aceedit
2239 1951 2249 1968 ,
2281 1928 2398 1961 nescio
2420 1938 2491 1975 quo
2512 1928 2589 1961 iure
2613 1928 2652 1961 ad
2674 1927 2809 1963 librum
2824 1953 2835 1972 ,
2863 1940 2972 1974 quem
2994 1930 3038 1965 de
3063 1932 3136 1965 suis
3157 1934 3312 1969 consilii,

846 1973 1053 2019 conscripsit
1075 1972 1224 2015 Cicero,
1250 1971 1357 2005 rel'ert
1378 1971 1479 2005 Beier
1504 1970 1682 2015 Fragmm.
1707 1969 1801 2006 Orat.
1826 1981 1862 2015 p.
1889 1971 1907 2003 1
1958 1994 1966 2004 .

773 2079 836 2141 2.)
903 2082 1126 2132 Alterum,
1186 2078 1301 2138 quod
1358 2078 1443 2122 huc
1503 2079 1712 2136 pertinet,
1774 2079 1979 2137 scriptum
2029 2086 2089 2123 est
2138 2078 2385 2137 Epistola
2430 2078 2494 2124 ad
2543 2079 2625 2124 Cn.
2678 2081 2993 2138 Pompeium
3038 2083 3098 2128 de
3147 2085 3312 2130 rebus

709 2141 816 2188 suis
863 2145 915 2186 in
960 2143 1250 2186 consulatu
1296 2144 1470 2198 gestis.
1555 2143 1674 2184 Hanc
1737 2142 1908 2198 quidem
1966 2143 2193 2198 Epistulam
2255 2144 2392 2186 statim
2441 2150 2531 2199 post
2571 2150 2735 2198 gestum
2783 2147 3047 2188 consulatum
3110 2150 3309 2203 scriptam

709 2208 865 2259 fuisse,
912 2211 1086 2264 apparet
1122 2217 1172 2246 eo
1218 2203 1334 2262 quod
1381 2203 1510 2259 ipsius
1559 2203 1717 2246 mentio
1762 2202 1834 2245 fiat
1871 2204 1915 2245 in
1961 2204 2150 2246 oratione
2196 2217 2271 2259 pro
2317 2204 2465 2255 Sulla,
2526 2217 2656 2261 quam
2715 2205 2862 2248 Cicero
2912 2206 3062 2250 habuit
3108 2222 3147 2253 a.
3199 2212 3305 2253 692.

708 2272 774 2312 lbi
824 2277 967 2311 autem
1016 2269 1120 2309 baec
1166 2269 1369 2322 leguntur
1413 2279 1453 2308 c.
1506 2268 1579 2309 24.
1626 2268 1702 2308 67.
1769 2265 1859 2307 Hic
1903 2274 1954 2307 tu
2000 2265 2274 2322 Epistulam
2325 2282 2471 2309 meam
2513 2282 2643 2323 saepe
2687 2269 2887 2320 recitas,
2940 2284 3081 2329 quam
3125 2287 3206 2330 ego
3247 2274 3310 2315 ad

709 2333 787 2375 Cn.
835 2331 1113 2387 Pompeium
1152 2327 1204 2370 de
1254 2329 1370 2370 meis
1415 2326 1550 2368 rebus
1582 2328 1737 2384 gestis
1777 2334 1821 2367 et
1862 2326 1914 2368 de
1963 2342 2146 2370 summa
2192 2342 2241 2368 re
2280 2326 2469 2384 publica
2519 2329 2663 2379 misi,
2709 2336 2752 2369 et
2799 2344 2854 2370 ear
2900 2345 2951 2371 ea
2993 2333 3169 2374 crimen
3207 2334 3306 2376 ali—

706 2393 827 2453 quod
870 2395 923 2435 in
964 2391 1023 2435 P.
1076 2388 1264 2433 Sullam
1292 2390 1513 2449 quaeris:
1545 2396 1617 2439 et,
1650 2389 1761 2449 quia
1775 2387 1999 2446 furorem
2025 2388 2375 2439 incredibilem,
2413 2389 2594 2431 hiennio
2633 2397 2739 2431 ante
2772 2399 3061 2448 conceptum,
3098 2398 3304 2452 erupisse

706 2460 759 2498 in
797 2472 895 2498 meo
936 2453 1183 2497 consulatu
1224 2453 1432 2509 scripsi,
1474 2467 1542 2494 me
1587 2450 1666 2492 hoo
1709 2449 2043 2493 demonstrasse
2090 2450 2239 2504 dicis,
2285 2449 2472 2495 Sullam
2519 2452 2573 2493 in
2617 2450 2710 2495 illa
2739 2451 2900 2511 fuisse
2931 2457 3168 2514 superiore
3200 2473 3307 2500 con·

709 2520 962 2561 iuratione.
1029 2514 1226 2559 Eiusdem
1266 2514 1466 2571 epistolae
1512 2514 1705 2555 meminit
1751 2512 2003 2556 Scholiastes
2051 2512 2353 2555 Ambrosianus
2392 2512 2444 2555 ad
2495 2514 2709 2558 Plancian.
2758 2529 2796 2557 c.
2848 2517 2923 2559 34.
2974 2531 3016 2574 p.
3069 2519 3175 2562 270.
3224 2520 3307 2565 Οιι.

708 2580 830 2624 Haec
872 2581 1027 2623 omnia
1073 2592 1161 2621 non
1202 2575 1266 2620 ad
1307 2590 1465 2627 reum,
1508 2573 1588 2618 sed
1623 2574 1688 2618 ad
1728 2589 1898 2619 omnem
1951 2573 2012 2634 (²³²)
2084 2575 2341 2620 Ciceronem
2382 2577 2653 2634 pertinent,
2702 2578 2843 2636 quasi
2893 2581 3109 2637 asperius
3150 2596 3181 2625 a
3214 2582 3306 2626 La-

709 2652 886 2687 terense
930 2642 1189 2700 proposita.
1251 2636 1378 2683 Nam
1421 2636 1666 2697 significat
1713 2636 1988 2696 Epistolam
2030 2654 2118 2681 non
2159 2637 2427 2682 mediocrem
2477 2637 2541 2682 ad
2586 2639 2746 2682 instar
2779 2639 3031 2686 voluminis
3061 2644 3308 2701 scriptam,

709 2722 854 2766 quam
884 2704 1104 2762 Pompeio
1135 2704 1186 2745 in
1216 2699 1387 2745 Asiam
1419 2700 1479 2746 de
1506 2700 1679 2744 rebus
1715 2702 1839 2744 suis
1875 2702 1935 2743 in
1972 2700 2279 2744 consulatu
2306 2703 2498 2761 gestis
2525 2703 2723 2745 miserat
2747 2702 2924 2755 Cicero,
2953 2704 3224 2764 aliquanto,
3251 2716 3306 2749 ut

708 2768 987 2819 videbatur,
1035 2764 1315 2808 insolentius
1356 2765 1608 2821 scriptam,
1658 2770 1713 2804 ut
1760 2763 1976 2820 Pompeii
2018 2764 2304 2806 stomachum
2358 2778 2447 2806 non
2486 2762 2783 2806 mediocriter
2820 2775 3143 2810 commoveret.-
3190 2771 3312 2829 quod

707 2831 911 2890 quadam
972 2827 1238 2887 superbiore
1298 2827 1531 2870 iactantia
1595 2825 1805 2868 omnibus
1869 2842 1915 2869 se
1968 2825 2200 2885 gloriosis
2246 2824 2439 2877 ducibus
2487 2832 2792 2883 anteponeret.
2859 2825 2954 2871 Hoc
3000 2829 3163 2888 igitur
3208 2832 3310 2875 vult

704 2909 796 2938 esse
836 2899 1106 2953 purgatum
1123 2922 1134 2943 ,
1185 2887 1338 2931 dicens
1381 2888 1622 2939 nuntiasse
1660 2903 1705 2930 se
1751 2887 1829 2930 Cn.
1881 2887 2101 2946 Pompeio
2142 2889 2333 2948 patriae
2376 2889 2790 2940 conservationem,
2836 2903 2913 2932 nec
2960 2892 3212 2936 inscienter
3252 2893 3304 2936 de

709 2964 848 3000 semet
894 2958 998 3014 ipso
1039 2954 1327 3015 gloriatum.
1391 2950 1654 3009 Ohsuerunt
1694 2959 1849 2994 autem
1894 2966 1944 2993 re
1990 2966 2097 2993 vera
2116 2967 2132 2991 .·
2183 2966 2293 2993 nam
2346 2953 2416 2992 sic
2462 2949 2671 3011 effectum
2719 2958 2814 3002 est,
2861 2960 2916 3000 ut
2966 2956 3011 2998 ei
3058 2955 3309 3015 Pompeius

708 3028 871 3062 contra
906 3019 1182 3066 Clodianam
1215 3021 1312 3057 vim
1343 3029 1433 3057 non
1459 3015 1857 3069 patrocinaretur.

769 3079 834 3126 Ad
885 3078 996 3124 hanc
1044 3076 1277 3136 Epistulam
1324 3076 1574 3133 Pompeium
1625 3074 1780 3132 frigide
1829 3073 2059 3119 admodum
2122 3074 2409 3133 respondisse,
2472 3088 2550 3120 nec
2612 3074 2803 3121 Ciceroni
2864 3077 2995 3126 ullam
3056 3079 3306 3138 significasse

710 3156 852 3188 rerum
901 3143 944 3185 in
988 3141 1210 3185 consulatu
1257 3150 1334 3185 suo
1366 3135 1597 3196 'gestarum
1646 3138 2002 3195 gratulationem,
2045 3145 2219 3196 apparet
2263 3151 2312 3179 ex
2357 3139 2436 3178 alia
2482 3139 2693 3181 Ciceronis
2731 3140 2944 3200 Epistola,
2975 3140 3030 3181 ad
3058 3144 3307 3201 Pompeium

708 3207 862 3263 scripta
903 3219 943 3246 a.
994 3205 1099 3247 692.
1135 3216 1248 3261 quae
1282 3208 1340 3244 est
1373 3200 1428 3252 ad
1457 3201 1573 3242 Fam.
1601 3201 1646 3244 1..
1680 3201 1730 3243 V.
1765 3203 1808 3245 7.
1845 3202 1887 3240 3.
1954 3201 2049 3249 Ac,
2084 3215 2139 3243 ne
2170 3202 2380 3259 ignores,
2412 3200 2529 3260 quid
2553 3215 2635 3258 ego
2667 3202 2720 3243 in
2752 3203 2852 3240 tuis
2890 3201 3050 3243 literis
3073 3193 3310 3247 desideba-

713 3271 835 3318 rim,
868 3267 1073 3312 scribam
1105 3272 1293 3324 aperte,
1328 3265 1454 3306 sicut
1480 3269 1524 3306 et
1560 3277 1657 3306 mea
1689 3268 1866 3306 natura
1896 3268 1939 3303 et
1968 3269 2130 3308 nostra
2161 3264 2380 3305 amicitia
2404 3262 2635 3322 postulat.
2700 3259 2792 3304 Res
2814 3277 2891 3314 eas
2916 3266 3079 3323 gessi,
3109 3283 3310 3326 quarum

708 3331 923 3388 aliquam
948 3332 1001 3373 in
1030 3331 1130 3382 tuis
1160 3327 1321 3370 literis
1344 3334 1389 3369 et
1421 3333 1609 3370 nostrae
1636 3323 1990 3368 necessitudinis
2022 3331 2065 3367 et
2094 3326 2168 3368 rei
2193 3325 2407 3384 publicae
2437 3340 2578 3370 causa
2602 3323 2979 3384 gratulationem
3018 3332 3278 3390 ‘281’00‘001‘
3294 3349 3309 3383 ἓ

709 3408 853 3457 quam
887 3408 969 3452 ego
1000 3391 1081 3450 abs
1113 3399 1158 3444 ts
1185 3390 1573 3462 praetermissam
1608 3403 1701 3438 esse
1731 3387 1967 3442 arbitror,
2009 3388 2131 3450 quod
2154 3404 2357 3433 vererere
2376 3420 2389 3440 ,
2424 3404 2479 3432 ne
2509 3389 2645 3430 cuius
2674 3388 2883 3434 animum
2915 3388 3176 3453 offenderes.

759 3573 815 3618 (*)
866 3570 929 3611 Ad
960 3579 1096 3606 omnem
1134 3569 1359 3603 Ciceronem?
1402 3568 1454 3602 lta
1486 3567 1672 3614 perspicue
1706 3565 1855 3609 Codex,
1890 3573 1928 3600 nt
1958 3568 2128 3602 affirmant
2160 3566 2328 3601 tainum.
2376 3564 2509 3612 Quidni
2539 3573 2655 3601 sotem
2688 3566 2867 3612 leg-ms:
2905 3567 3006 3602 naec
3035 3568 3242 3608 mnium
3266 3574 3313 3612 *a

765 3625 767 3627 ·
873 3626 973 3650 reum
989 3638 999 3656 ,
1026 3615 1087 3649 sed
1108 3616 1155 3657 ad
1174 3618 1354 3656 oratorem
1382 3615 1579 3652 Ciceronem
1597 3614 1807 3659 pertinent?
