3442 4094
225 262 419 321 m,
468 262 512 301 et:
546 252 602 299 ad
624 252 834 297 utilitates
862 251 1053 311 publicas
1086 253 1345 312 proniorem.
1412 252 1671 298 Procedente
1702 268 1801 298 mox
1824 260 2054 313 tempore,
2087 253 2143 299 ad
2175 255 2343 312 rapinas
2368 257 2581 300 convertit
2613 259 2833 304 animum:

225 320 484 370 dehinc-ad·
503 318 759 362 simultatem
791 318 1020 375 proceoeit3
1054 323 1098 360 et
1128 330 1230 359 mox
1261 317 1307 359 in
1339 328 1466 359 omne
1498 321 1634 375 genus
1663 317 1929 362 crudelitatis
1960 318 2116 376 erupit.

291 388 358 431 De
394 382 553 427 Tiberii
591 380 726 438 igitur
767 381 955 425 moribus
992 380 1073 438 'qni
1114 385 1229 421 recte
1271 378 1461 424 iudicare
1508 381 1605 423 velit
1623 410 1636 432 ,
1682 395 1783 424 eum
1814 388 1981 438 oportet
2011 381 2268 439 distinguere
2302 389 2524 439 tempora;
2567 381 2688 440 quod
2726 382 2834 426 benc

234 449 339 493 fecit
371 447 572 496 Tacitus,
632 458 720 502 quo
761 452 887 487 neno
948 443 1130 493 recti-e,
1191 453 1298 482 mea.
1326 441 1504 498 quiden
1536 443 1793 495 sententia,
1831 443 1895 486 de
1933 444 2102 487 Tiberio
2149 445 2380 489 iudicavit:
2428 444 2621 489 Morum
2664 458 2837 502 quoque

227 520 437 567 tempora
480 508 566 550 illi
594 506 780 549 dium
800 505 979 564 ficere.-
1009 504 1155 560 inquit
1189 503 1303 545 Anu.
1336 504 1382 545 t..
1418 503 1493 548 VI.
1526 518 1566 546 c.
1603 508 1677 548 51.
1711 508 1957 564 egregium
1986 508 2088 548 vita
2105 506 2365 564 famaque,
2400 507 2552 564 quoad
2573 508 2833 564 privatus,

227 573 301 629 ee}
342 574 398 614 in
441 570 663 628 imperiis
702 568 784 611 sub
830 566 1050 626 Augusto
1081 562 1226 622 fuit.-
1274 564 1500 607 occultam
1547 580 1601 607 oc
1643 567 1882 609 subdolum
1908 567 2153 627 fingendis
2199 569 2487 620 virtutibus,
2528 569 2662 614 donec
2709 567 2834 613 Ger-

235 637 448 679 manicus
506 649 559 675 ac
607 631 798 674 Drusus
840 627 1142 686 superfuere.-
1191 626 1313 669 idem
1361 628 1489 669 inter
1536 627 1649 670 bona
1690 630 1905 686 malaque
1951 632 2155 679 mixtus,
2205 631 2430 672 incolumi
2480 640 2662 673 matre.-
2713 635 2834 677 inte·

233 697 425 743 stabilis
470 695 701 746 saevitia,
749 690 827 735 sed
874 690 1061 734 obtectis
1104 687 1406 742 libidinibus,
1452 688 1563 732 dum
1593 688 1812 733 Seianum
1839 690 2011 733 dilexit
2041 692 2285 734 timuitoe:
2313 699 2543 750 postremo
2577 696 2627 736 in
2661 695 2832 737 scelera

233 760 383 803 simul
428 772 482 801 ac
522 756 738 799 dedecora
781 755 1005 810 pronspit
1024 783 1037 803 ,
1064 759 1341 810 postquam,
1374 760 1549 794 nmero
1573 753 1751 809 pudore
1782 760 1826 794 et
1858 762 2012 803 metu,
2046 766 2128 794 suo
2160 761 2345 795 tantum
2378 757 2566 812 ingenio
2597 757 2827 799 utebatur.

227 823 406 867 scilicet
462 821 629 863 Aelium
684 818 806 858 illum
856 816 1056 858 Seianum
1101 815 1293 856 Tiberius
1334 813 1387 857 ad
1434 830 1643 857 summam
1688 817 1920 872 potentiam
1968 831 2054 858 non
2097 824 2184 857 tam
2227 816 2508 859 benivolentia
2555 827 2829 873 provexerat,

227 900 360 945 quam
408 891 457 926 ut
499 889 644 931 esset,
681 878 803 922 cuins
836 878 1066 921 niinisterio
1096 891 1147 920 ac
1172 876 1393 920 fraudibus
1425 877 1578 920 liberos
1610 877 1856 921 Germanici
1888 880 2240 921 circumveniret:
2272 879 2428 921 deinde
2461 888 2603 921 autem
2639 896 2736 923 eum
2771 907 2831 912 —

227 957 280 991 ut
330 948 473 1005 plures
505 945 608 986 alios
637 942 798 984 amicos
829 951 871 984 et
901 941 1155 993 familiares,
1200 955 1306 998 quos
1339 957 1362 983 e
1396 956 1574 983 numero
1608 943 1848 998 principum
1881 943 2062 984 civitatis
2094 942 2398 998 depoposcerat
2432 944 2547 984 velut
2580 945 2834 986 consiliarios

229 1011 275 1053 in
326 1008 502 1065 negotiis
548 1004 753 1062 publicis,
803 1005 935 1048 alium
985 1003 1067 1046 alia
1112 1003 1165 1046 de
1208 1004 1590 1060 causa‚.-perculit
1637 1028 1701 1038 -—
1745 1004 1799 1047 in
1850 1005 2013 1061 quinto
2056 1004 2300 1048 consulatu
2339 1005 2625 1048 criminatus
2657 1014 2752 1057 est,
2788 1016 2833 1049 ut

232 1071 375 1115 scribit
423 1069 645 1113 Suetonius
676 1068 717 1110 in
751 1067 847 1111 Tib.
882 1081 921 1112 c.
956 1068 1033 1110 65.
1066 1064 1109 1108 id
1143 1072 1203 1109 est
1235 1081 1273 1109 a.
1311 1066 1416 1110 783.
1451 1067 1619 1123 imperii
1652 1067 1715 1110 sui
1749 1067 1888 1112 XVII.
1921 1068 2005 1110 sive
2038 1075 2151 1110 sexto
2184 1076 2278 1110 ante
2310 1083 2425 1110 suam
2462 1076 2641 1110 mortem
2675 1084 2799 1112 anno.

296 1135 386 1178 Hoc
425 1133 556 1190 igitur
595 1130 792 1174 sexennio
841 1130 1032 1173 Tiberius
1081 1129 1265 1172 scribere
1308 1128 1457 1173 debuit
1499 1129 1860 1175 Commentarium
1901 1130 1953 1174 de
1983 1131 2079 1176 Vita
2112 1131 2228 1182 Sua,
2276 1132 2306 1173 si
2342 1130 2541 1189 quidem,
2577 1131 2691 1189 quod
2728 1132 2832 1175 Sue-

233 1199 374 1240 tonius
417 1202 587 1246 narrat,
632 1194 677 1235 in
717 1207 766 1235 eo
805 1193 1060 1235 excusaverit
1107 1206 1283 1248 poenam
1335 1206 1359 1233 a
1409 1206 1451 1234 se
1493 1194 1537 1234 in
1586 1194 1787 1235 Seianum
1830 1193 2078 1237 adhibitam.
2146 1193 2282 1244 Mox,
2335 1195 2389 1235 ita
2436 1193 2578 1235 scribit
2609 1195 2834 1236 Suetonius:

232 1261 278 1303 in
326 1259 421 1303 Tib.
469 1272 508 1301 c.
559 1257 634 1300 6-1.
690 1257 743 1298 in
786 1270 912 1299 omne
954 1268 1105 1314 genus
1149 1253 1451 1297 crudelitatis
1480 1257 1671 1312 erupit,
1702 1271 1939 1314 nunquam
1968 1255 2202 1314 deficiente
2234 1258 2469 1300 materia.-
2502 1272 2645 1314 quum
2673 1260 2835 1315 primo

231 1323 433 1373 matris,
485 1316 643 1368 deinde
691 1325 934 1376 nepotum,
998 1323 1041 1358 et
1088 1331 1265 1369 nurus,
1314 1324 1547 1374 postremo
1594 1315 1757 1363 Seiani
1792 1315 2079 1376 familiares
2127 1326 2263 1378 atque
2313 1320 2455 1362 etiam
2500 1326 2629 1362 notos
2675 1335 2833 1376 perge-

234 1391 468 1443 queretur.
536 1381 654 1424 Post
697 1382 829 1421 cuius
874 1380 1126 1421 interitum
1170 1379 1242 1420 vel
1285 1380 1584 1421 saevissimus
1628 1381 1830 1422 exstitit.
1902 1381 2001 1439 Quo
2046 1383 2248 1422 maxime
2288 1382 2545 1438 apparuit,
2596 1396 2685 1422 non
2735 1390 2834 1423 tam

236 1450 393 1503 ipsum
439 1460 467 1486 a
495 1442 681 1495 *Seiano
729 1443 958 1483 concitari
998 1440 1223 1489 solitum,
1273 1456 1413 1499 quam
1446 1435 1665 1483 Seianum
1700 1445 1940 1498 quaerenti
1973 1445 2224 1483 occasiones
2255 1444 2652 1484 subministrasse.
2720 1444 2835 1484 Etsi

237 1505 679 1556 Commentario,
713 1520 871 1561 quem
910 1501 972 1545 de
1016 1499 1158 1547 Vita
1192 1499 1304 1546 Sua
1337 1503 1669 1544 summatim
1704 1502 2061 1560 breviterque
2086 1504 2425 1560 composuit,
2460 1520 2601 1545 ausus
2625 1513 2691 1545 est
2716 1508 2834 1546 scri-

238 1570 362 1622 here,
391 1567 612 1613 Seianum
645 1581 689 1608 se
717 1567 948 1623 punisse,
970 1562 1090 1623 quod
1120 1564 1415 1621 comperisset
1434 1596 1447 1616 ,
1469 1562 1639 1622 furere
1671 1562 1893 1608 adversus
1924 1563 2092 1608 liberos
2122 1562 2422 1617 Germanici,
2444 1564 2554 1622 filii
2587 1568 2663 1608 sui
2678 1583 2693 1607 .-
2727 1583 2834 1625 quo-

237 1648 347 1677 rum
375 1633 474 1690 ipse
506 1629 727 1681 alterum,
760 1635 965 1692 suspecto
990 1628 1104 1678 iam,
1126 1626 1333 1670 alterum
1376 1640 1586 1684 oppresso
1611 1626 1790 1683 demum
1816 1625 1995 1680 Seiano,
2031 1629 2286 1672 interemit.
2334 1629 2432 1672 Erat
2458 1629 2589 1686 igitur
2615 1630 2828 1679 Tiberius.

231 1710 322 1755 quo
377 1703 567 1752 ternpore
625 1691 741 1736 hunc
797 1690 1154 1736 Commentarium
1212 1691 1410 1748 scripsit,
1456 1698 1579 1734 natus
1636 1692 1858 1734 minimum
1896 1692 2159 1750 septuaginta
2209 1691 2313 1735 duos
2356 1706 2513 1735 annos:
2560 1707 2655 1734 nam
2703 1692 2817 1744 obiit,

234 1758 468 1803 secundum
514 1757 763 1799 Suetonium
816 1755 860 1798 in
896 1755 1002 1798 Tib.
1038 1767 1077 1796 c.
1125 1756 1201 1796 73.
1246 1760 1399 1796 octavo
1439 1761 1482 1796 et
1522 1756 1861 1814 septuagesimo
1909 1756 2084 1798 aetatis
2127 1770 2275 1809 anno,
2321 1757 2462 1798 tertio
2518 1763 2561 1798 et
2609 1758 2831 1816 vigesimo

233 1822 451 1879 imperii,
501 1817 668 1862 XVII.
717 1816 826 1861 Kal.
873 1814 992 1875 Apr.
1045 1816 1123 1859 Cn.
1177 1814 1432 1858 Acerronio
1462 1816 1690 1868 Proculo,
1744 1817 1790 1861 C.
1832 1817 2005 1860 Pontio
2053 1816 2266 1877 Nigrino
2298 1833 2409 1861 coss.
2446 1818 2489 1860 id
2522 1826 2608 1866 est,
2642 1834 2679 1861 a.
2719 1822 2827 1862 789.

297 1885 397 1927 Erat
439 1889 581 1925 autem
627 1881 784 1923 Tiberii
812 1880 1147 1924 Commentarius
1193 1881 1468 1921 summatim
1511 1879 1796 1940 breviterque
1841 1882 2132 1938 compositus.
2217 1881 2385 1935 Quibus
2430 1881 2561 1923 verbis
2604 1883 2830 1925 Suetonius

235 1946 403 1988 videtur
441 1944 674 2002 significare
723 1942 938 1984 Tiberium
988 1957 1051 1982 res
1099 1955 1191 1983 suas
1238 1943 1386 1983 leviter
1429 1949 1470 1983 et
1513 1943 1639 1985 verbo
1668 1945 1880 2000 tetigisse,
1908 1944 2038 1984 nuliis
2068 1945 2334 2001 eloquentiae
2370 1944 2433 1985 vel
2463 1944 2544 1984 stili
2575 1946 2830 1985 ornamentis

232 2008 465 2051 adhibitis:
515 2008 574 2047 ita
623 2013 669 2047 ut
717 2004 828 2046 bella
877 2004 1051 2060 quidem
1100 2005 1523 2055 commemoraverit,
1555 2005 1711 2061 quibus
1741 2006 1966 2056 interfuit,
2000 2014 2047 2047 ut
2080 2014 2177 2046 sunt
2209 2007 2532 2055 Cantabricum,
2574 2006 2830 2056 Parthicum,

230 2070 445 2112 Gallicum
460 2082 478 2119 ,··
520 2066 810 2116 Rhoeticum,
860 2064 1155 2116 Vindelicum,
1202 2065 1490 2107 Pannonicum
1541 2074 1583 2108 et
1625 2066 1962 2118 Germanicum3
2010 2075 2102 2109 tum
2149 2082 2247 2108 vero
2297 2069 2602 2109 enumeraverit
2652 2067 2830 2109 honores

230 2145 324 2175 suos
372 2137 413 2173 et
455 2129 748 2186 magistratus,
795 2141 901 2186 quos
947 2127 1093 2185 gessit,
1138 2133 1187 2169 ut
1231 2126 1542 2182 Quaesturam,
1591 2127 1870 2180 Praeturam,
1904 2127 2173 2172 Consulatum
2203 2136 2243 2170 et
2272 2129 2553 2172 Tribunitiam
2584 2137 2837 2185 potestatem.

231 2196 277 2236 in
316 2192 660 2252 quinquennium
698 2197 945 2247 acceptam:
974 2188 1220 2233 abstinuerit
1245 2196 1388 2232 autern
1414 2204 1438 2232 a
1473 2190 1660 2247 pleniore
1690 2191 1953 2248 singularum
1987 2206 2013 2233 a
2046 2206 2088 2233 se
2118 2198 2329 2248 gestarum
2360 2206 2503 2234 rerum
2537 2191 2828 2249 descriptione.

229 2257 320 2298 Nec
365 2257 410 2296 in
459 2255 587 2296 libros
630 2252 799 2295 videtur
837 2252 1057 2294 distinctus
1102 2252 1231 2293 fuisse
1274 2252 1637 2304 Commentarius3
1686 2260 1726 2293 et
1769 2261 1886 2295 certe
1933 2261 2198 2294 narratarum
2246 2268 2386 2295 rerum
2445 2268 2622 2295 numero
2677 2255 2826 2296 cedere

231 2317 381 2360 debuit
436 2316 618 2373 Augusti
662 2315 994 2358 Commentariis.
1071 2312 1175 2356 Sed.
1218 2314 1345 2355 etiam
1406 2313 1577 2356 Tiberio
1639 2328 1726 2356 uon
1787 2322 1872 2356 tam
1939 2316 2056 2372 larga
2103 2316 2375 2371 suppetebat,
2426 2323 2583 2372 quanta
2631 2317 2823 2373 Augusto

230 2387 395 2438 praesto
440 2379 610 2430 fuerat,
660 2376 870 2421 scribendi
915 2377 1104 2420 materia.
1170 2375 1358 2419 Tiberius
1403 2377 1515 2419 enim
1560 2378 1753 2434 princeps
1800 2392 1939 2436 neque
1985 2392 2111 2435 opera
2158 2378 2241 2421 ulla
2289 2378 2515 2435 magnifica
2566 2378 2693 2422 fecit:
2724 2394 2822 2422 nam

231 2451 302 2496 et,
348 2455 459 2501 quae
494 2443 579 2484 sola
624 2447 892 2498 susceperat,
940 2440 1122 2497 Augusti
1166 2439 1406 2496 temptum,
1452 2440 1843 2497 restitutionemque
1891 2442 2130 2497 Pompeiani
2179 2440 2359 2491 theatri,
2410 2441 2688 2496 imperfecta,
2733 2450 2824 2498 post

230 2513 292 2547 tot
340 2501 495 2556 annos,
545 2504 739 2562 reliquit:
785 2516 925 2559 neque
967 2501 1208 2559 spectacula
1255 2502 1429 2543 omnino
1476 2501 1623 2544 edidit.
1689 2502 1865 2544 Publice
1914 2502 2247 2544 munificentiam
2289 2503 2351 2543 bis
2396 2504 2568 2543 omnino
2603 2503 2818 2545 exhibuit:

226 2567 431 2611 militibus
477 2573 646 2615 autem,
710 2572 804 2622 post
852 2563 1066 2621 duplicata
1114 2577 1163 2605 ex
1212 2563 1392 2619 Augusti
1434 2569 1676 2606 testamento
1714 2564 1885 2620 legata,
1936 2563 2041 2605 nihil
2083 2578 2272 2620 unquam
2318 2565 2492 2620 largitus
2541 2572 2625 2616 est,
2677 2573 2718 2607 et
2770 2582 2822 2607 ne

228 2631 462 2688 provincias
493 2627 668 2688 quidem
703 2627 789 2671 ulla
823 2626 1067 2670 liberalitate
1100 2625 1344 2670 sublevavit.

264 2695 425 2734 ‘Porro
479 2694 545 2733 vix
608 2690 787 2731 dubium
846 2697 906 2731 est
951 2691 1055 2747 quin
1102 2689 1256 2729 Tiberii
1300 2689 1630 2730 Commentarius
1679 2690 1807 2729 fuerit
1851 2690 1999 2731 Latino
2048 2703 2238 2729 sermone
2285 2691 2576 2746 conscriptus;
2625 2693 2656 2731 si
2703 2706 2821 2732 secus

229 2758 399 2805 fuisset,
462 2769 547 2795 non
610 2754 826 2802 tacuisset,
894 2754 1046 2801 credo,
1113 2752 1360 2802 Suetonius3
1423 2754 1499 2808 qui
1546 2751 1628 2792 hoc
1676 2753 1819 2793 saltem
1873 2751 1934 2807 (in
1979 2753 2071 2793 Tib.
2120 2767 2157 2793 e.
2211 2751 2306 2807 71.)
2365 2761 2537 2802 narrat,
2598 2754 2816 2794 Tiberium

229 2831 420 2862 sermone
477 2814 669 2869 Graeco,
696 2827 700 2832 ’
726 2826 989 2874 quamquam
1052 2812 1152 2857 alias
1207 2818 1422 2870 promtum
1480 2821 1521 2857 et
1576 2812 1772 2865 facilem,
1834 2828 1918 2857 non
1976 2820 2114 2857 tamen
2172 2829 2479 2873 usquequaque
2538 2829 2658 2858 usum
2710 2831 2820 2866 esse,

230 2881 558 2938 abstinuisseque
600 2878 781 2921 maxime
830 2878 874 2920 in
922 2883 1097 2920 senata:
1139 2876 1248 2918 adeo
1293 2875 1499 2935 quidem,
1549 2883 1596 2918 ut
1643 2874 1958 2933 Monopolium
2006 2877 2322 2929 nominaturus,
2374 2880 2487 2935 prius
2529 2878 2693 2920 veniam
2749 2894 2824 2936 po-

228 2945 416 2995 stularit,
468 2940 593 3001 quod·
640 2941 717 2982 sibi
774 2940 906 2981 verbo
965 2940 1190 2997 peregrino
1249 2939 1460 2981 utendum
1519 2947 1652 2990 esset,
1702 2948 1828 2997 atque
1875 2941 2027 2990 etiam,
2087 2941 2129 2980 in
2174 2939 2358 2998 quodam
2405 2940 2578 2980 decreto
2622 2949 2820 2997 patrum,

229 3021 366 3065 quum
417 3003 616 3061 ἔμβλημα
659 3004 945 3051 recitaretur,
990 3002 1336 3044 commutandam
1382 3003 1587 3044 censuerit
1633 3017 1808 3052 vocem,
1860 3011 1931 3053 et,
1979 3018 2055 3058 pro
2099 3005 2351 3059 peregrina,
2388 3004 2560 3044 latinam
2596 3007 2822 3062 requiren—

228 3070 350 3122 dam,
401 3076 503 3121 aut,
553 3068 585 3110 si
633 3081 716 3110 non
768 3065 1052 3123 reperiretur,
1105 3066 1169 3109 vel
1214 3064 1435 3123 pluribus,
1486 3072 1527 3109 et
1577 3080 1654 3122 per
1701 3064 1910 3108 ambitum
1957 3064 2215 3116 verborum,
2267 3081 2354 3108 rem
2404 3065 2728 3110 enuntiandam.

287 3131 451 3175 Tiberii
511 3131 621 3174 liber
677 3131 719 3172 in
768 3127 931 3172 deliciis
976 3127 1153 3188 quidem
1203 3129 1347 3172 ruisse·
1375 3128 1539 3172 videtur
1591 3128 1843 3172 Domitiano.
1908 3129 1987 3171 Hic
2034 3129 2145 3171 enim
2194 3136 2297 3171 teste
2343 3130 2522 3172 Sueton.
2571 3131 2615 3172 in
2666 3132 2823 3174 Domit.

227 3210 268 3239 c.
313 3196 388 3238 20.
440 3204 681 3253 nmquam
725 3199 810 3235 aut
859 3191 1087 3234 historiae
1135 3192 1475 3234 carminibusue
1515 3190 1838 3251 *cognoscendis
1879 3205 2066 3248 operam
2100 3191 2251 3233 ullam
2270 3224 2280 3241 ,
2314 3199 2400 3233 aut
2428 3191 2544 3233 stilo
2578 3192 2649 3234 vel
2679 3209 2824 3236 neces-

228 3260 358 3299 sario
417 3256 578 3314 dedit.-
628 3264 716 3307 “et,
770 3262 961 3315 praeter
1021 3257 1377 3297 commentarios
1435 3262 1480 3296 et
1540 3262 1644 3295 aeta
1695 3253 1875 3297 Tiberii
1931 3254 2174 3305 Caesaris,
2225 3254 2356 3295 nihil
2403 3254 2660 3298 lectitabat.
2739 3259 2822 3298 Sed

228 3321 478 3364 Suetonium
540 3316 644 3361 huic
704 3317 813 3377 libro
859 3332 1007 3374 parum
1050 3315 1152 3360 fidei
1198 3316 1415 3368 habuisse,
1462 3317 1526 3358 vel
1573 3333 1622 3359 ea
1670 3316 1796 3359 verba
1838 3315 2026 3359 indicant
2074 3332 2219 3359 ausus
2268 3326 2335 3358 est
2385 3318 2617 3359 scrihere.-
2667 3321 2823 3375 quibus

229 3383 318 3428 sine
362 3380 494 3427 dubio
537 3378 782 3438 significare
831 3379 990 3431 voluit,
1040 3393 1125 3424 esse
1172 3391 1340 3437 prorsus
1385 3385 1551 3436 praeter
1595 3378 1815 3423 veritatem
1863 3393 1975 3437 quae
2017 3377 2073 3423 de
2118 3378 2259 3423 Seiani
2294 3395 2426 3436 poena
2463 3390 2664 3425 narrasset
2699 3381 2822 3425 Tibe-

228 3446 330 3491 rius.
397 3444 450 3491 Et
495 3442 647 3490 dubito
694 3442 784 3506 fenr'e
832 3453 886 3487 an
931 3442 1182 3496 Suetonius,
1230 3440 1388 3488 Tiberii
1435 3442 1563 3486 vitam
1613 3456 1837 3494 enarrans,
1887 3439 2122 3502 quidquam
2160 3456 2354 3500 promere
2388 3442 2572 3489 voluerit
2613 3445 2823 3502 exipsius

228 3508 386 3555 'l'iberii
440 3506 764 3554 conmentario.
845 3507 938 3551 Hoc
997 3506 1171 3566 quidem
1229 3506 1504 3551 certissimum
1562 3512 1647 3558 est,
1712 3505 1962 3550 Suetonium
2013 3519 2225 3565 nusquam
2272 3505 2326 3551 de
2370 3507 2558 3563 Tiberio,
2589 3507 2823 3567 quidquam

229 3582 405 3618 narrare
448 3571 727 3617 additis-illis
770 3571 870 3629 ipse
914 3570 1109 3624 scribit,
1159 3571 1258 3630 ipse
1305 3571 1406 3624 ait,
1457 3576 1504 3613 ut
1554 3583 1650 3614 enm
1698 3570 1741 3614 in
1784 3570 1965 3628 Augusti
2006 3570 2089 3613 vita
2117 3570 2296 3624 secisse,
2331 3584 2455 3629 supra
2489 3571 2670 3615 diximus
2700 3572 2743 3629 §.
2778 3573 2822 3617 ὃ,

226 3637 347 3694 Quae
396 3635 468 3680 hic
509 3637 622 3681 enin
667 3634 813 3679 scribit
862 3646 901 3678 c.
960 3635 1033 3679 10.
1118 3634 1323 3694 Quidum
1371 3635 1673 3688 existimant,
1725 3632 1910 3678 adultis
1956 3634 2055 3677 iam
2103 3631 2319 3696 Augusti
2369 3634 2555 3689 liberis,
2615 3635 2732 3687 loco,
2783 3643 2825 3678 et
