3442 4094
1397 108 1435 158 0

178 244 239 293 De
294 242 441 300 primis
492 248 666 293 autem,
710 254 815 300 quos
851 242 894 282 in
935 255 979 283 re
1025 238 1215 296 publica
1242 240 1443 296 gesserit,
1477 237 1713 282 honoribus
1749 249 1899 295 parum
1943 246 2016 282 aut
2060 237 2168 281 nibil
2218 245 2393 281 constat.
2458 239 2703 282 Secundum

115 304 317 363 Pighium
360 303 569 359 Quaestor
613 304 738 346 fuerit
783 318 822 345 a.
874 305 980 347 633.
1046 301 1258 345 Tribunus
1325 302 1457 358 plebis
1505 316 1543 344 a.
1608 302 1713 344 639.
1773 309 1996 361 postquam
2048 315 2160 344 anno
2205 301 2375 358 priore,
2420 298 2463 341 id
2506 307 2563 341 est
2592 315 2704 343 anno

111 367 328 424 legitimo,
371 366 581 424 repulsam
630 367 819 420 tulisset;
874 365 991 425 quod
1034 364 1226 407 novimus
1266 377 1290 406 e
1328 363 1525 407 Cicerone
1555 379 1632 421 pro
1678 364 1821 410 Plane.
1863 379 1902 410 c.
1939 365 2013 408 21.
2050 365 2123 409 52.
2192 365 2321 408 Porro
2355 363 2598 406 Praeturam
2644 364 2705 404 vi-

110 428 237 472 detur
277 429 442 486 gessisse
487 444 526 474 a.
577 430 684 474 643.
748 429 926 473 Biennio
968 434 1060 485 post
1105 426 1187 468 fuit
1229 425 1408 483 Legatus
1453 426 1505 480 Q.
1557 426 1726 469 Caecilii
1769 428 1925 470 Metelli
1975 427 2215 480 Numidici,
2259 425 2493 469 secundum
2537 425 2703 466 Sallust.

110 492 152 534 in
192 492 243 534 Iu
279 523 291 535 .
342 504 379 535 c.
430 493 504 537 50.
1268 520 1274 527 ·

174 505 459 612 chreliqua
514 557 599 597 vita
659 556 839 597 certiora
907 552 1109 595 novimus.
1188 549 1360 594 Scilicet
1408 567 1448 593 a.
1496 552 1603 595 647.
1650 551 1921 596 Consulatum
1968 561 2143 608 petrem,
2193 553 2400 608 repulsam
2443 566 2581 608 passus
2618 558 2704 601 est,

113 616 299 672 praelato
348 618 532 660 Scauro:
591 617 644 659 de
708 630 794 674 qua
821 616 1004 672 ·repulsa
1046 615 1192 671 scribit
1231 615 1379 658 Cicero
1426 614 1469 656 in
1519 614 1651 656 Bruto
1692 629 1732 657 c.
1785 617 1859 657 30.
1909 616 2015 657 113.
2083 615 2237 671 Quum
2279 629 2371 655 una
2414 614 2705 655 consulatum

112 681 413 734 petivissent,
461 694 551 721 non
597 678 682 720 ille
726 677 904 729 solum,
953 679 1036 735 qui
1078 676 1316 734 repulsam
1365 675 1574 727 tulerat,
1617 678 1851 718 accusavit
1896 675 2101 717 ambitus
2140 675 2436 734 designatum
2485 678 2705 732 competi·

116 748 288 791 torem,
336 740 415 782 sed
458 739 662 783 Scaurus
709 742 855 781 etiam
882 739 1148 789 absolutus,
1198 737 1440 782 Rutilium
1470 739 1524 779 in
1553 736 1784 780 iudicium
1839 739 2049 786 vocavit3
2091 738 2328 795 multaque
2375 752 2533 793 opera,
2578 739 2705 780 mul-

116 810 250 860 taque
303 802 546 844 industria
600 799 819 844 Rutilius
854 800 996 858 fuit‚·
1042 816 1155 859 quae
1199 809 1302 843 erat
1342 807 1591 858 propterea
1643 800 1871 857 gratior,
1920 799 2040 857 quod
2098 798 2217 841 idem
2278 814 2501 857 magnum
2540 814 2705 840 munus

114 864 165 907 de
195 866 298 908 iure
329 861 630 921 respondendi
659 863 928 907 sustinebat.
995 864 1044 906 In
1074 878 1160 922 quo
1188 862 1347 906 iudicio
1376 862 1633 912 ridiculum,
1682 862 1797 920 quod
1843 863 2053 918 contigit,
2101 862 2270 919 exponit
2316 862 2459 904 Cicero
2500 862 2551 903 de
2586 861 2703 905 Orat.

110 928 155 971 L.
212 928 270 970 11.
332 939 373 970 c.
430 928 505 969 69.
569 927 675 969 280.
731 942 872 984 quum
935 925 1172 971 Scaurus·
1193 933 1430 970 accusaret
1479 923 1722 968 Rutilium
1775 925 2009 977 ambitus,
2060 940 2199 983 quum
2249 927 2347 982 ipse
2394 923 2554 966 consul
2592 932 2706 965 esset

101 989 282 1047 factus,
330 988 413 1031 ille
460 988 693 1045 repulsam
744 989 959 1038 tulisset,
1007 997 1051 1032 et
1103 990 1155 1031 in
1194 991 1294 1031 sius
1337 987 1514 1030 tabulis
1557 987 1809 1029 ostenderet
1858 987 2024 1029 literas
2065 1003 2107 1030 A.
2143 1004 2179 1031 r.
2215 1004 2252 1032 ι».
2287 1004 2331 1030 ιι.
2368 987 2502 1046 idque
2535 987 2706 1028 diceret

111 1066 226 1103 esse,
259 1064 408 1094 serm
441 1064 539 1094 rins
583 1066 623 1097 ι».
673 1065 863 1104 ιντιωις
911 1050 1130 1095 Rutilius
1176 1058 1355 1102 autem,
1390 1064 1503 1094 aare
1537 1064 1744 1101 sacrvm,
1786 1064 1890 1092 rosr
1937 1065 2169 1102 asnarvu3
2224 1052 2268 1093 C.
2323 1050 2525 1101 Canius,
2577 1065 2705 1108 eques

113 1113 372 1165 Romanus,
439 1128 578 1172 quum
626 1112 750 1173 Rufo
794 1114 998 1164 adesset,
1051 1114 1308 1164 exclamat,
1351 1120 1567 1156 neutrum
1617 1112 1726 1153 illis
1773 1112 1931 1153 literis
1963 1112 2211 1153 declarari.
2281 1111 2409 1169 Quid
2438 1114 2584 1170 ergo?
2626 1115 2703 1153 in-

113 1179 218 1234 quit
250 1174 485 1227 Scaurus5
520 1176 808 1217 Aemilius
829 1173 1022 1234 fecit,
1053 1177 1341 1234 plectitur
1375 1174 1661 1217 Rutilius.
1849 1188 1856 1194 ‘

178 1239 261 1281 Sed
308 1239 471 1280 duobus
514 1240 631 1285 annis
673 1246 763 1294 post
807 1241 959 1281 Consul
1007 1241 1143 1281 factus
1189 1247 1248 1281 est
1298 1254 1335 1281 a.
1380 1239 1487 1282 649.
1538 1239 1587 1280 In
1636 1254 1722 1295 quo
1757 1241 2030 1296 magistratu,
2072 1254 2206 1297 quum
2240 1239 2400 1295 collega
2432 1238 2506 1283 Cn.
2543 1236 2701 1281 Mallius

114 1301 315 1343 Maximus
358 1301 521 1357 ingenti
566 1309 702 1357 strage
734 1317 757 1343 a
788 1300 965 1344 Cimbris
994 1302 1109 1345 fusus
1140 1308 1270 1354 esset,
1306 1301 1488 1344 Rutilius
1519 1302 1580 1344 rei
1614 1301 1822 1355 gerendae
1855 1303 2072 1345 occasione
2108 1303 2242 1345 caruit
2262 1334 2274 1354 ,
2325 1303 2452 1344 iussus
2485 1317 2509 1343 a
2542 1302 2700 1343 Senatu

111 1365 373 1407 iuventutem
404 1379 570 1407 omnem
603 1363 750 1407 Italiae
783 1372 1042 1408 sacramento
1071 1363 1243 1422 adigere
1277 1370 1405 1422 atque
1440 1377 1566 1407 novas
1595 1363 1781 1421 legiones
1810 1365 1990 1408 scribere
2011 1396 2024 1416 ,
2064 1364 2316 1422 quibuscum
2364 1363 2472 1406 hosti
2502 1376 2704 1406 occurre-

114 1435 193 1471 ret.
256 1427 296 1469 Is
337 1434 509 1477 aulem,
556 1434 603 1469 ut
647 1427 737 1469 aliis
779 1428 987 1485 praeiret,
1036 1435 1076 1469 et
1121 1442 1172 1470 ne
1205 1428 1415 1485 quispiam
1452 1429 1715 1470 vacationum
1754 1440 1896 1469 causas
1933 1428 2251 1484 praetenderet,
2288 1442 2427 1484 quum
2461 1426 2703 1468 secundum

120 1491 268 1549 leges,
320 1497 366 1531 ut
410 1489 555 1531 scribit
603 1491 825 1532 Frontinus
870 1491 1123 1547 Strategem.
1169 1491 1216 1531 1..
1247 1490 1323 1532 IV.
1360 1502 1399 1530 c.
1438 1493 1479 1532 1.
1517 1492 1590 1531 12.
1626 1491 1677 1529 in
1710 1490 2003 1531 contubernio
2033 1505 2114 1530 suo
2133 1488 2301 1546 filium
2335 1489 2494 1530 habere
2525 1497 2701 1545 posset,

116 1556 169 1594 in
205 1551 381 1609 legione
413 1551 616 1592 militem
636 1551 775 1609 fecit.
840 1553 1077 1609 Idemque,
1126 1558 1171 1592 ut
1219 1550 1367 1592 rudem
1412 1550 1767 1607 inexpertumque
1820 1552 1998 1592 tironem
2043 1550 2270 1593 dimicandi
2325 1559 2411 1592 arte
2459 1552 2702 1597 instrueret,

116 1613 299 1658 nullius
340 1620 446 1656 ante
487 1628 532 1655 se
580 1614 885 1671 imperatoris
931 1612 1186 1671 exemplum
1235 1618 1435 1663 secutus,
1488 1618 1534 1653 ut
1582 1612 1697 1670 apud
1740 1613 1881 1657 valer.
1928 1613 2034 1655 Max.
2084 1613 2241 1670 legitur
2286 1613 2330 1655 L.
2382 1613 2435 1653 ll.
2485 1627 2520 1654 c.
2570 1616 2611 1654 3.
2659 1616 2703 1654 2.

114 1692 168 1718 ex
210 1675 315 1718 ludo
363 1677 442 1719 Cn.
491 1673 685 1717 Aurelii
729 1674 897 1718 Scauri
943 1675 1203 1718 doctoribus
1240 1674 1571 1733 gladiatorum
1612 1676 1884 1726 arcessitis,
1934 1675 2120 1717 vitandi
2151 1684 2287 1734 atque
2317 1674 2552 1732 inserendi
2586 1678 2706 1717 ictus

115 1738 408 1780 subtiliorem
472 1740 702 1779 rationem
768 1738 1027 1795 legionibus
1077 1738 1402 1796 ingeneravit:
1462 1738 1770 1795 virtutemque
1834 1739 1965 1789 arti,
2018 1746 2061 1778 et
2112 1754 2280 1779 rursus
2329 1745 2480 1779 artem
2531 1739 2708 1779 virtuti

115 1801 335 1851 miscuit3
382 1807 435 1842 ut
471 1799 563 1842 illa
595 1801 773 1857 impetu
802 1799 942 1842 huius
964 1798 1181 1859 fortior,
1220 1797 1326 1841 haec
1358 1798 1498 1840 illius
1536 1799 1734 1841 scientia
1767 1800 1951 1841 cautior
1969 1798 2124 1856 fleret.

180 1863 392 1905 Decennio
427 1870 516 1918 post
555 1863 732 1919 Legatus
777 1863 859 1903 suit
895 1863 949 1916 Q.
998 1863 1127 1904 Mucii
1176 1862 1427 1912 Scaevolae,
1473 1862 1596 1904 Asiae
1631 1863 1917 1917 proconsulis,
1950 1865 2062 1912 sive,
2101 1870 2145 1904 ut
2176 1864 2243 1904 alii
2279 1863 2470 1913 malunt,
2501 1864 2707 1916 Quaestor

115 1926 338 1966 Scaevolae
389 1925 617 1980 praetoris,
661 1923 895 1967 secundum
944 1923 1360 1967 Pseudo-Asconium
1406 1925 1451 1965 in
1486 1923 1621 1967 Divin.
1662 1924 1707 1966 in
1748 1924 1871 1967 Caec.
1904 1941 1947 1981 p.
1985 1926 2086 1968 122.
2121 1940 2205 1982 qua
2236 1924 2289 1967 de
2327 1940 2369 1967 re
2404 1924 2525 1967 docte
2556 1925 2705 1981 dispu-

115 1995 250 2029 tatum
294 1993 354 2029 est
396 1987 442 2028 in
488 1985 634 2045 Orellii
680 1984 835 2031 Onom.
880 1986 991 2030 Tull.
1036 1987 1084 2030 P.
1124 1986 1182 2029 ΙΙ.
1229 2000 1271 2041 p.
1320 1987 1409 2028 518
1447 1985 1502 2028 Δ.
1566 1984 1648 2028 Sed
1696 2000 1745 2028 ex
1795 1986 1891 2028 Asia
1931 2001 2146 2037 reversus,
2197 1988 2274 2029 vir
2324 2002 2528 2029 summae
2576 1989 2707 2029 inno-

114 2050 313 2097 centiae,
367 2062 476 2106 quae
517 2048 643 2090 verba
690 2056 786 2090 sunt
829 2049 1042 2104 Epitomes
1082 2048 1277 2090 Livianae
1322 2048 1367 2089 L.
1414 2048 1488 2089 70.
1537 2048 1756 2104 quoniam
1799 2063 1829 2089 a
1880 2048 2239 2105 publicanorum
2289 2051 2490 2091 iniuriis
2536 2050 2706 2092 Asiam

116 2109 379 2170 defenderat
397 2141 408 2162 ,
457 2110 639 2153 invisus
681 2112 885 2168 equestri
931 2109 1117 2162 ordini,
1163 2123 1300 2166 penes
1340 2123 1471 2168 quem
1513 2108 1692 2151 iudicia
1739 2118 1874 2151 erant
1892 2142 1903 2161 ,
1955 2110 2313 2168 repetundarum
2344 2111 2618 2162 damnat-us,
2655 2114 2706 2152 in

115 2174 336 2216 exsilium
384 2172 558 2215 missus
602 2180 683 2214 est.
748 2173 1091 2215 Subornaverant
1132 2172 1291 2214 scilicet
1335 2172 1553 2228 publicani
1599 2181 1910 2224 accusatorem,
1958 2175 2155 2230 Apicium
2197 2173 2454 2232 quemdam,
2488 2174 2702 2217 hominem

118 2238 307 2295 nequitia
351 2243 392 2278 et
437 2235 600 2277 luxuria
643 2236 686 2277 in
731 2235 901 2277 civitate
947 2250 1032 2277 non
1070 2236 1209 2277 minus
1250 2234 1525 2291 insignitum,
1578 2250 1707 2293 quam
1761 2236 1943 2277 Rutilius
1993 2237 2233 2278 innocentia
2289 2237 2588 2292 praelucebat,
2655 2245 2703 2279 nt

119 2301 309 2341 novimus
350 2312 398 2339 ex
438 2297 658 2339 Athenaeo
702 2298 747 2340 L.
789 2298 868 2342 IV.
914 2312 956 2354 p.
1008 2298 1110 2339 168.
1161 2297 1209 2338 Ε.
1275 2297 1411 2354 quue
1454 2296 1558 2339 illud
1607 2298 1814 2338 iudicium
1862 2305 1951 2347 est,
2004 2298 2055 2339 de
2103 2313 2189 2355 quo
2235 2299 2425 2355 loquitur
2465 2299 2609 2341 Cicero
2656 2301 2702 2341 in

122 2363 242 2404 Brut.
288 2374 328 2403 c.
378 2362 452 2402 30.
507 2362 607 2402 115.
690 2358 906 2402 Rutilius
964 2359 1367 2401 innocentissimus
1418 2372 1556 2416 quum
1607 2359 1659 2399 in
1707 2358 1935 2401 iudicium
1984 2368 2167 2401 vocatus
2216 2367 2329 2401 esset
2377 2359 2481 2418 (quo
2526 2361 2702 2403 iudicio

122 2423 384 2467 convulsam
428 2424 616 2480 penitus
663 2423 835 2465 scimus
899 2437 989 2464 esse
1044 2437 1141 2466 rem
1174 2419 1430 2481 publicam)
1477 2436 1616 2479 quum
1665 2428 1810 2463 essent
1858 2437 1905 2464 eo
1949 2428 2145 2480 tempore
2192 2422 2559 2480 eloquentissimi
2602 2426 2703 2466 viri

122 2487 175 2529 L.
227 2484 424 2529 Crassus
468 2492 512 2527 et
551 2484 618 2527 Μ.
666 2483 899 2527 Antonius
948 2483 1238 2535 consulares,
1273 2497 1427 2525 eorum
1456 2482 1669 2524 adhibere
1695 2491 1910 2525 neutrum
1939 2485 2101 2526 voluit.
2168 2485 2315 2526 Dixit
2347 2487 2446 2541 ipse
2469 2502 2560 2543 pro
2593 2503 2699 2534 sese,

125 2558 197 2600 et,
255 2555 304 2589 ut
353 2548 532 2604 legimus
589 2546 701 2603 apud
754 2546 950 2589 eumdem
998 2546 1049 2588 de
1094 2547 1209 2588 Orat.
1257 2546 1300 2587 L.
1348 2546 1385 2586 1.
1432 2560 1469 2587 c.
1516 2547 1587 2587 53.
1633 2547 1741 2588 229.
1787 2560 1873 2586 non
1922 2546 2048 2588 modo
2098 2547 2291 2604 supplex
2334 2548 2567 2590 iudicibus
2611 2565 2703 2591 esse

122 2610 310 2660 noluit,
360 2608 439 2649 sed
484 2624 538 2649 ne
581 2610 795 2649 ornatius
840 2608 1051 2667 quidem,
1101 2615 1184 2648 aut
1232 2606 1424 2647 liberius
1459 2622 1644 2651 causam
1685 2606 1782 2647 diei
1830 2622 1989 2658 mam,
2037 2624 2177 2664 quam
2217 2609 2418 2663 simplex
2459 2613 2587 2652 ratio
2634 2627 2701 2652 ve-

123 2673 296 2716 ritatis
327 2670 550 2730 ferebat.-
594 2678 851 2729 quapropter
891 2686 914 2712 a
947 2670 1234 2725 Quinctiliano
1264 2670 1309 2712 L.
1344 2670 1441 2712 xtl.
1489 2683 1529 2712 c.
1581 2672 1621 2712 1.
1673 2670 1740 2712 12.
1785 2667 1939 2712 dicitur
1972 2684 2115 2726 paene
2161 2669 2397 2715 Socratico
2431 2687 2596 2730 genere
2629 2672 2700 2716 de-

107 2735 345 2794 fensionis
390 2748 488 2778 usus
531 2747 632 2778 esse.

182 2797 296 2856 Ergo
342 2797 386 2836 in
432 2796 621 2838 exsilium
664 2799 821 2846 eiectus
867 2804 926 2838 est
965 2811 1004 2839 a.
1035 2798 1142 2840 662.
1172 2795 1286 2854 quod
1319 2796 1507 2839 exsilium
1539 2803 1679 2839 tamen
1711 2797 1799 2838 fere
1834 2796 2096 2852 triumphum
2128 2800 2251 2840 fuisse
2284 2801 2448 2842 dixeris.
2515 2800 2703 2841 Petenti

122 2864 236 2903 enim
278 2858 469 2909 Asiam,
516 2868 564 2900 ut
603 2860 747 2901 scribit
792 2861 929 2904 Valer.
977 2862 1084 2903 Max.
1129 2861 1174 2901 L.
1218 2860 1277 2903 11.
1324 2876 1365 2901 c.
1418 2860 1489 2901 10.
1535 2861 1577 2900 5.
1612 2875 1760 2900 omnes
1784 2858 2052 2914 provinciae
2085 2859 2226 2903 illius
2257 2863 2473 2904 civitates
2507 2860 2700 2920 legatos,

122 2938 339 2966 secessum
388 2923 489 2963 eius
530 2923 835 2977 opperientes,
882 2922 1061 2966 obviam
1102 2924 1345 2966 miserunt.
1412 2921 1463 2965 Et
1510 2922 1692 2978 primum
1735 2920 1905 2979 quidem
1954 2922 2157 2980 Mitylenis
2206 2925 2345 2968 vixisse
2374 2924 2569 2968 videtur:
2605 2940 2701 2969 mox

118 2994 261 3031 autem
312 2985 534 3042 Smyrnam
575 2984 808 3036 concessit,
857 2985 980 3028 cuius
1020 2985 1136 3029 urbis
1177 2985 1339 3028 incolae
1381 2998 1477 3027 eum
1528 2985 1664 3027 civem
1708 2984 1783 3026 sibi
1834 2983 2121 3037 addiderunt,
2170 2987 2405 3029 secundum
2449 2988 2585 3030 Cicer.
2623 3002 2700 3046 pro

126 3049 260 3093 Balbo
298 3061 337 3090 c.
391 3050 463 3089 11.
509 3048 587 3091 28.
629 3054 671 3089 et
706 3047 840 3089 Tacit.
891 3047 996 3091 Ann.
1047 3049 1091 3092 L.
1135 3048 1211 3093 IV.
1263 3062 1301 3090 c.
1336 3049 1411 3089 43.
1478 3047 1665 3089 Habebat
1704 3056 1843 3088 autem
1875 3047 1949 3088 sibi
1991 3050 2189 3090 comitem
2231 3051 2452 3093 Aurelium
2480 3050 2699 3108 Opilium,

119 3113 220 3172 qui,
284 3118 331 3153 ut
392 3110 568 3153 Sueten.
628 3109 775 3151 scribit
834 3108 888 3152 de
946 3111 1013 3154 Ill.
1067 3111 1255 3154 Gramm.
1319 3125 1359 3153 c.
1419 3111 1464 3153 6.
1529 3110 1756 3167 Epicurei
1796 3108 2036 3151 cuiusdam
2088 3111 2312 3165 libertus,
2351 3112 2701 3171 philosophiam

118 3176 299 3233 primo,
350 3172 509 3216 deinde
553 3172 862 3225 rhetoricam,
905 3175 1153 3217 novissim
1178 3175 1545 3233 grammaticam
1574 3172 1740 3215 docuit.
1805 3172 2020 3216 Dimissa
2048 3182 2203 3217 autem
2232 3175 2417 3228 schola,
2459 3175 2702 3222 Rutilium

121 3235 303 3296 Rufum
338 3234 611 3279 damnatum
658 3237 712 3278 in
750 3233 921 3278 Asiam
959 3243 1157 3288 secutus,
1204 3236 1373 3280 ibidem
1413 3234 1634 3293 Smyrnae
1665 3235 1893 3294 simulque
1925 3239 2173 3281 consenuit.
2237 3241 2446 3281 Rutilium
2493 3241 2699 3298 Smyrnae

119 3302 212 3344 visit
258 3298 404 3342 Cicero
448 3298 491 3340 iu
534 3299 685 3349 itinere
726 3298 910 3352 Asiatico
958 3313 997 3342 a.
1045 3300 1151 3341 676.
1205 3307 1246 3341 ct
1292 3301 1335 3342 in
1384 3299 1498 3339 libris
1545 3299 1597 3339 de
1644 3299 1879 3356 Republica
1926 3299 2049 3355 fingit
2090 3302 2134 3341 in
2177 3315 2226 3341 ea
2277 3302 2382 3342 urbe
2425 3303 2505 3344 sibi
2551 3303 2605 3343 ab
2650 3318 2701 3344 eo

118 3363 344 3421 expositam
387 3373 471 3403 esse
513 3361 718 3418 Scipionis
760 3361 935 3421 eiusque
981 3362 1214 3403 amicorum
1249 3362 1586 3420 disputationem.
1613 3361 1677 3403 Cf.
1705 3363 1823 3402 Brut.
1853 3374 1893 3402 c.
1928 3363 2002 3402 22.
2038 3364 2115 3405 85.
2146 3364 2267 3405 etde
2295 3367 2404 3420 Rep.
2434 3366 2482 3407 L.
2513 3367 2547 3408 l.
2580 3380 2617 3406 c.
2654 3368 2700 3408 8.

180 3425 248 3467 Ad
287 3424 416 3464 finem
467 3437 600 3482 usque
639 3425 745 3463 vitae
786 3425 970 3465 Rutilius
1016 3426 1061 3464 in
1110 3426 1252 3465 exsilio
1296 3426 1486 3467 mansisse
1529 3424 1722 3475 videtur3
1768 3437 1905 3478 neque
1952 3425 2093 3474 enim,
2141 3428 2216 3467 etsi
2265 3435 2484 3471 revocatus
2534 3430 2700 3470 restitu

117 3499 270 3545 tusque
314 3503 337 3529 a
383 3484 498 3529 Sulla
543 3483 775 3539 dictatore,
827 3500 1015 3544 unquam
1055 3486 1186 3530 voluit
1216 3485 1372 3538 redire,
1408 3486 1619 3545 aequiore
1655 3485 1810 3529 animo
1848 3500 2015 3543 passus
2057 3502 2102 3531 se
2139 3490 2329 3545 patriae
2372 3490 2522 3548 eripi,
2558 3505 2698 3548 quam

116 3551 210 3594 sibi
251 3548 503 3599 exsilium,
547 3554 595 3590 ut
641 3545 788 3590 scribit
838 3548 998 3592 Seneca
1034 3548 1086 3592 de
1131 3548 1296 3593 Provid.
1331 3562 1370 3592 c.
1408 3550 1451 3592 3.
1489 3552 1532 3593 7.
1597 3549 1674 3600 Et,
1707 3563 1846 3607 quum
1876 3548 2069 3607 quidam
2104 3551 2276 3604 illum,
2327 3559 2372 3595 ut
2407 3553 2517 3595 idem
2552 3554 2700 3598 scribit

116 3615 276 3659 Seneca
324 3612 377 3656 de
422 3611 991 3657 Bener.1..vl.c.37.
1046 3615 1085 3656 1.
1150 3612 1487 3666 consolaretur,
1521 3618 1564 3657 et
1595 3610 1763 3657 diceret
1796 3613 1976 3658 instare
2008 3628 2144 3658 arma
2177 3586 2376 3660 civilia.-
2407 3615 2534 3658 brevi
2555 3614 2697 3677 futu-

2358 3679 2385 3724 2
