3442 4094
1923 129 1985 178 14

648 261 825 310 Marsos,
874 265 1046 316 gentem
1092 270 1291 314 magnam
1339 264 1381 297 et
1430 268 1724 307 numerosam,
1771 255 1827 297 ad
1873 256 2106 298 amicitiam
2156 263 2199 298 et
2241 258 2486 301 societatem
2531 274 2556 302 a
2601 263 2762 321 populo
2800 264 2992 308 nmmo
3024 262 3250 322 petendam

647 325 703 364 im
739 322 832 364 ulit.

710 338 802 427 iseo
850 387 1054 427 minorem
1103 384 1282 440 gloriam
1327 380 1502 438 adeptus
1551 389 1611 423 est
1658 382 1703 423 in
1751 381 1864 423 bello
1905 382 2143 436 Cimbrico,
2192 396 2357 442 quum,
2421 385 2578 427 relictis
2625 386 2745 430 Marii
2792 392 2968 443 castris,
3010 390 3253 435 cont-bsai

653 465 695 491 se
750 448 804 490 ad
864 449 1044 489 alterum
1109 445 1324 486 consulem
1393 445 1446 497 Q.
1493 443 1712 486 Lutatium
1756 444 1970 488 Catulum.
2035 448 2169 489 nnius
2214 448 2328 489 enim
2372 448 2580 491 exercitus
2620 462 2764 505 quun
2804 452 2946 507 inopia
2994 460 3252 497 commeatus

653 510 889 559 laboraret,
936 507 1078 557 Sulla,
1125 513 1314 563 suscepta
1360 507 1658 563 procuratione
1704 513 1865 550 tantam
1913 507 2032 551 brevi
2072 516 2263 565 tempore
2311 511 2516 565 praestitit
2559 509 2766 553 frumenti
2810 515 3005 568 copiam,
3038 524 3087 557 ut
3114 516 3251 557 &tuti

652 575 803 616 milites
855 583 937 613 non
982 575 1151 612 tantum
1200 570 1275 626 ipsi
1324 568 1536 612 frumento
1585 567 1881 621 abundarent,
1929 584 2073 614 rerum
2123 571 2251 614 etiam
2299 569 2531 624 habereut,
2574 570 2687 615 unde
2719 571 2838 617 Marii
2866 573 3099 627 militibus,
3130 592 3252 619 sum-

652 650 719 677 ma
755 634 895 689 inopia
931 632 1101 689 pressis,
1137 638 1302 689 possent
1336 630 1552 689 praebere.
1617 631 1717 678 vid.
1752 632 1862 675 Plut.
1897 632 1942 675 in
1973 633 2078 676 Sull.
2114 646 2156 690 p.
2193 633 2300 678 452.
2334 634 2381 677 F.

714 698 768 737 At
819 695 936 737 Sulla
986 695 1194 752 gloriam,
1244 708 1373 753 quam
1414 694 1524 737 bello
1574 695 1837 753 quaesierat,
1889 702 2001 738 ratus
2044 694 2098 738 ad
2144 695 2311 752 negotia
2363 695 2523 740 urbana
2571 695 2740 741 abunde
2797 710 2911 749 esse,
2960 698 3180 742 confestim
3229 715 3253 743 a

652 760 804 799 militia
849 758 1036 799 traduxit
1081 772 1124 798 sc
1168 757 1223 798 ad
1271 757 1479 813 populum
1523 757 1818 808 ambiendum;
1864 763 1929 807 et,
1978 756 2249 799 Aedilitatem
2297 765 2655 816 praetergressus,
2704 760 2946 802 Praeturam
2989 767 3135 818 petere
3164 774 3252 804 sus,-

653 822 781 862 tinuit
825 836 863 863 a.
910 822 1017 862 660.
1085 819 1193 870 Sed,
1239 820 1428 876 quamvis
1475 820 1617 870 Sulla,
1651 827 1740 875 post
1777 826 1837 860 tot
1869 820 1913 859 in
1946 821 2126 875 patriam
2173 821 2349 871 merita,
2390 822 2589 877 potuisset
2619 823 2779 879 optima
2808 836 3006 881 quaeque
3040 836 3065 865 a
3098 824 3255 882 populo

654 900 844 941 sperare,
894 883 991 924 tulit
1037 890 1177 924 tamen
1224 881 1446 938 repulsam.
1514 879 1613 924 vid.
1665 880 1808 924 Valer.
1851 882 1958 923 Max.
2004 881 2051 923 L.
2099 882 2220 925 VIII.
2272 895 2313 924 c.
2365 885 2407 924 5.
2457 884 2500 926 5.
2555 885 2677 927 cuius
2724 886 2915 943 repulsae
2955 898 3123 928 causam
3167 886 3253 942 ipse

654 947 855 1004 quidem,
904 953 1004 987 testc
1052 942 1280 987 Plutarcho
1321 944 1363 984 in
1407 943 1525 985 Sulla
1566 959 1610 999 p.
1651 945 1757 986 453.
1791 944 1837 986 C.
1870 944 2128 1000 opinabatur
2160 943 2271 985 hanc
2305 959 2412 995 esse,
2448 946 2565 1003 quod
2598 948 2779 1004 populus
2812 955 2982 1005 propter
3012 950 3253 1006 cognitam,

653 1025 763 1067 qnae
813 1009 892 1050 sibi
937 1015 1040 1050 esset
1085 1020 1183 1049 cum
1231 1004 1426 1056 Boccho,
1478 1006 1753 1049 Mauritaniae
1801 1021 1925 1062 rege,
1973 1007 2326 1057 familiaritatem,
2374 1015 2649 1063 exspectasset
2696 1009 2887 1052 futurum
2927 1011 3074 1063 fuisse,
3110 1018 3184 1060 ut,
3220 1011 3252 1051 si

654 1079 752 1115 ante
785 1073 1030 1115 Praeturam
1064 1069 1220 1113 Aedilis
1250 1068 1393 1111 fuisset
1423 1067 1588 1120 factus,
1623 1081 1798 1111 munera
1829 1067 2047 1125 splendida
2082 1076 2123 1112 et
2158 1069 2393 1112 venationes
2426 1068 2568 1112 ederet
2599 1070 2833 1115 Africanas.

719 1135 839 1177 Anno
898 1141 1037 1175 autem
1097 1132 1318 1190 sequenti,
1378 1131 1578 1172 emeritus
1625 1131 1772 1187 populi
1820 1131 2004 1174 favorem
2054 1133 2207 1187 partim
2259 1132 2585 1184 blandimentis,
2635 1133 2789 1188 partim
2834 1134 3151 1189 largitionibus,
3200 1135 3253 1176 ad

652 1198 895 1242 Praeturam
944 1195 1162 1253 pervenit,
1220 1194 1523 1253 primusque,
1575 1198 1623 1236 ut
1669 1193 1829 1237 Seneca
1875 1192 2021 1237 scribit
2066 1192 2119 1238 de
2163 1192 2317 1238 Brevit.
2365 1195 2475 1238 vitae
2522 1209 2562 1239 c.
2617 1194 2688 1249 13.
2742 1196 2785 1241 5.
2834 1195 2887 1239 in
2935 1195 3068 1241 Circo
3112 1196 3254 1241 leones

655 1261 829 1301 solutos
876 1258 1029 1309 dedit,
1085 1272 1227 1316 quum
1277 1257 1491 1315 alioquin
1540 1256 1743 1315 alligati
1792 1255 2046 1307 darentur,
2094 1257 2157 1299 od
2200 1255 2495 1316 conficiendos
2542 1272 2614 1299 eos
2660 1258 2827 1300 missis
2873 1274 2902 1301 a
2945 1272 3055 1318 rege
3084 1258 3256 1304 Boccho

652 1321 1005 1364 iaculatoribus.

716 1385 893 1441 Expleta
938 1385 1167 1426 Praeturac
1218 1397 1316 1426 suae
1367 1397 1505 1432 ann0,
1558 1382 1673 1424 Sulla
1720 1382 1883 1439 legatus
1931 1383 1972 1424 in
2021 1382 2331 1439 Cappadociam
2381 1385 2562 1426 mittitur
2604 1385 2790 1442 specioso
2822 1383 3099 1441 expeditionis
3130 1386 3256 1427 titulo

651 1448 702 1489 ad
755 1448 1085 1490 Ariobarzanem
1134 1447 1175 1487 in
1230 1460 1407 1502 regnum
1459 1443 1768 1487 reducendum.
1835 1446 1913 1487 Hic
1962 1446 2117 1487 iterum
2165 1446 2281 1488 Sulla
2338 1447 2398 1488 rei
2450 1447 2638 1489 militaris
2685 1447 2817 1504 gloria
2866 1447 3080 1490 excelluit.
3146 1448 3255 1490 Pro-

655 1511 792 1551 fectus
842 1511 953 1550 enim
1017 1522 1116 1550 cum
1165 1508 1300 1564 parvis
1347 1507 1477 1563 copiis
1527 1508 1768 1563 praetoriis,
1817 1507 1886 1548 sed
1938 1508 2162 1549 contractis
2203 1522 2297 1550 mox
2342 1509 2506 1565 magnis
2553 1511 2760 1552 sociorum
2806 1509 2997 1558 auxiliis,
3047 1508 3253 1552 Gordium

659 1573 809 1621 eiecit,
860 1571 1191 1612 Ariobarzanem
1240 1569 1434 1610 restituit.
1502 1569 1554 1609 In
1601 1583 1684 1626 qua
1735 1570 2004 1626 expeditione
2048 1583 2153 1611 nora
2201 1570 2237 1611 ei
2285 1569 2437 1628 obtigit
2484 1571 2640 1629 gloria:
2674 1571 2835 1614 scilicet
2863 1569 3158 1613 Parthorum
3197 1570 3255 1614 le-

650 1637 787 1691 gati,
838 1641 883 1675 ut
930 1641 989 1675 est
1035 1635 1078 1674 in
1127 1633 1320 1688 Epitome
1371 1632 1460 1673 Liv.
1504 1632 1551 1673 L.
1598 1634 1672 1674 70.
1724 1647 1753 1672 α
1803 1647 1909 1689 rege
1956 1632 2130 1673 Arsace
2175 1634 2341 1683 missi,
2388 1643 2608 1675 venerumt
2651 1634 2715 1676 ad
2760 1632 2971 1685 Sullam,
3021 1641 3074 1674 ut
3126 1637 3253 1675 ami-

653 1697 821 1738 citiam
863 1695 1033 1752 populi
1083 1692 1283 1737 Romani
1327 1700 1545 1750 peterent.
1609 1693 1755 1735 Rebus
1799 1695 1930 1750 igitur
1978 1695 2190 1750 praeclare
2233 1697 2358 1750 gestis
2396 1696 2512 1738 Sulla
2548 1711 2701 1739 nomen
2735 1696 2815 1738 sibi
2847 1698 3105 1751 comparavit
3138 1696 3256 1738 ducis

651 1758 764 1815 apud
811 1759 922 1799 cives
968 1758 1135 1816 magni,
1187 1756 1302 1813 apud
1351 1756 1484 1798 socios
1526 1756 1724 1805 maximi,
1777 1763 1819 1798 et
1866 1756 2182 1798 fortunatissimi
2229 1757 2295 1799 vel
2338 1756 2451 1813 apud
2496 1757 2647 1801 hostes.
2713 1758 2852 1812 Quam
2902 1756 3076 1814 quidem
3120 1757 3256 1800 felici·

652 1823 747 1861 tatis
792 1834 891 1861 suae
935 1821 1196 1877 faventisque
1242 1819 1322 1860 sibi
1368 1818 1561 1859 fortunae
1604 1818 1842 1873 opinionem
1892 1831 1976 1860 non
2021 1817 2147 1859 modo
2178 1817 2330 1860 lubens
2361 1819 2615 1875 recipiebat,
2649 1818 2722 1861 sed
2755 1833 2847 1861 eam
2881 1820 3009 1860 etiam
3043 1819 3086 1861 in
3120 1820 3256 1862 maius

651 1882 826 1923 tollebat
875 1890 915 1923 et
960 1883 1070 1922 sacta
1121 1895 1193 1922 sua
1240 1880 1434 1921 fortunae
1476 1879 1638 1920 ferebat
1690 1886 1893 1934 accepta,
1940 1880 2107 1929 dicens,
2152 1893 2262 1935 quae
2309 1894 2393 1921 non
2441 1882 2631 1923 consulte
2671 1880 2744 1927 sed
2772 1895 2822 1922 ex
2851 1887 3042 1936 tempore
3082 1894 3253 1936 aggres-

650 1959 716 1986 sus
775 1950 878 1985 esset
939 1950 1121 1992 temere,
1182 1957 1229 1983 ea
1278 1941 1432 1983 rectius
1481 1939 1706 1991 cecidisse,
1755 1956 1884 1998 quam
1930 1956 2041 1999 quae
2090 1941 2341 1983 deliberasse
2390 1942 2469 1983 sibi
2520 1944 2628 1985 visus
2672 1950 2776 1984 esset
2821 1949 3013 1995 matur03
3062 1943 3255 2001 nihilque

651 2022 694 2049 se
743 2005 920 2063 perinde
961 2006 1129 2048 firmum
1174 2005 1357 2055 ducere,
1403 2017 1453 2046 ac
1500 2003 1617 2061 quod
1665 2006 1709 2046 in
1751 2005 1903 2046 somnis
1953 2011 2084 2046 noctu
2132 2004 2294 2046 iuberet
2341 2004 2459 2048 deus.
2528 2005 2628 2051 Vid.
2674 2006 2784 2049 Plut.
2836 2006 3030 2047 in·Sulla
3062 2020 3109 2062 p.
3146 2007 3251 2047 454.

652 2071 696 2112 C.
733 2077 773 2111 et
806 2071 848 2111 in
881 2070 1047 2111 Lucull.
1080 2084 1123 2125 p.
1162 2070 1267 2111 507.
1301 2067 1350 2110 E.

717 2135 920 2175 Secutum
979 2140 1038 2174 est
1088 2132 1247 2173 bellum
1294 2131 1457 2172 Sociale
1499 2131 1582 2171 sive
1629 2131 1879 2182 Marsicum,
1928 2131 1982 2173 ad
2030 2131 2145 2189 quod
2191 2132 2370 2187 profecti
2416 2146 2517 2174 coss.
2561 2133 2612 2175 L.
2652 2132 2803 2175 Sextus
2842 2131 3011 2182 Caesar,
3062 2133 3110 2173 P.
3155 2133 3254 2174 ltu-

652 2197 765 2239 tilius
803 2197 947 2251 Lupus
989 2210 1028 2237 a.
1068 2196 1175 2237 664.
1219 2193 1287 2236 hic
1334 2193 1542 2244 Marium,
1589 2193 1660 2235 ille
1706 2194 1891 2244 Sullam,
1940 2194 2019 2236 sibi
2067 2194 2214 2236 habuit
2259 2195 2463 2251 legatum.
2528 2195 2621 2236 Hoc
2672 2195 2861 2245 bellum,
2907 2193 3023 2252 quod
3067 2194 3254 2236 cladium

655 2261 855 2302 varietate
901 2266 943 2300 et
986 2258 1179 2299 fortunae
1228 2254 1511 2298 vicissitudine
1559 2255 1641 2297 suit
1688 2263 1734 2297 ut
1782 2257 1948 2298 nullum
1992 2256 2109 2298 aliud
2151 2256 2336 2313 insigne,
2387 2263 2592 2314 quantum
2636 2258 2777 2300 Sullae
2823 2256 2980 2299 adiecit
3023 2257 3257 2313 splendoris

654 2330 695 2363 et
763 2335 921 2378 opum,
990 2327 1154 2362 tantum
1212 2319 1340 2361 Mario
1398 2317 1608 2368 detraxit,
1669 2324 1714 2359 ut
1774 2319 1918 2361 scribit
1978 2319 2089 2362 Plut.
2147 2320 2192 2361 in
2254 2319 2384 2362 Mario
2432 2334 2476 2376 p.
2525 2320 2631 2363 424.
2676 2320 2722 2362 C.
2789 2320 2868 2362 Hic
2917 2320 3057 2370 enim,
3108 2320 3255 2362 amisso

654 2387 736 2426 iam
798 2384 940 2438 vigore
1003 2384 1206 2438 pristino,
1269 2388 1310 2423 et
1354 2387 1448 2436 post
1496 2388 1610 2421 actos
1655 2387 1715 2421 tot
1766 2380 2022 2437 triumphos,
2082 2388 2303 2440 gestusque
2350 2388 2410 2423 tot
2454 2382 2718 2432 consulatus,
2767 2382 2964 2423 fortunae
3009 2382 3253 2423 varietatem

653 2447 956 2494 extimescens,
1004 2444 1057 2486 ad
1104 2445 1262 2501 proelia
1310 2450 1399 2484 erat
1441 2443 1623 2499 segnior.
1689 2443 1804 2484 Sulla
1855 2458 1975 2494 vero,
2022 2443 2243 2501 augendae
2286 2458 2385 2485 suae
2433 2443 2588 2500 gloriae
2634 2445 2821 2486 intentus
2863 2451 2905 2486 et
2945 2443 3148 2485 felicitate
3179 2457 3254 2489 sua

653 2510 811 2559 fretus,
861 2507 998 2549 hostes
1039 2508 1243 2549 continuo
1288 2505 1343 2547 ad
1394 2505 1603 2561 proelium
1648 2505 1924 2559 provocabat;
1974 2506 2225 2556 Marsorum,
2273 2508 2347 2563 qui
2398 2520 2617 2564 nunquam
2662 2514 2786 2548 antea
2829 2521 2853 2547 a
2898 2507 3098 2548 Romanis
3135 2513 3255 2547 erant

652 2571 783 2620 victi,
841 2584 966 2625 supra
1022 2583 1088 2610 sex
1138 2568 1267 2610 millia
1315 2567 1495 2618 cecidit,
1546 2566 1813 2615 Cluentium,
1863 2569 2116 2611 Samnitium
2162 2568 2343 2619 ducem,
2394 2568 2509 2624 apud
2553 2569 2702 2611 Nolam
2751 2568 2876 2619 vicit,
2931 2567 3091 2610 Stabias
3133 2567 3255 2610 dele-

654 2635 741 2685 rit,
803 2633 1036 2674 Bovianum
1088 2632 1124 2672 vi
1169 2631 1282 2688 cepit
1332 2636 1375 2673 et
1423 2629 1638 2688 graminea
1681 2628 1735 2671 ab
1778 2631 1966 2673 exercitu
2010 2645 2164 2674 corona
2214 2629 2389 2689 donatus
2436 2638 2520 2683 est;
2575 2629 2657 2675 vid.
2705 2630 2928 2689 Appianus
2971 2629 3023 2673 de
3070 2630 3121 2674 B.
3166 2629 3254 2674 civ.

654 2698 700 2739 L.
752 2696 785 2738 1.
835 2710 873 2737 c.
928 2697 1003 2737 39.
1047 2709 1139 2752 sqq.
1205 2694 1366 2737 Plinius
1405 2694 1451 2736 L.
1498 2693 1581 2737 111.
1625 2706 1663 2735 e.
1712 2696 1752 2735 5.
1800 2701 1842 2735 et
1889 2695 1934 2737 L.
1980 2695 2120 2738 XXII.
2164 2709 2205 2738 c.
2238 2695 2282 2738 6.
2348 2694 2452 2736 Satis
2501 2694 2602 2736 fecit
2650 2695 2783 2751 igitur
2831 2694 3065 2750 plenissime
3109 2707 3255 2751 exspe-

656 2759 859 2807 ctationi,
924 2772 1053 2814 quam
1114 2756 1166 2798 de
1224 2772 1266 2800 se
1322 2756 1496 2798 dederat
1543 2755 1664 2798 Urbis
1719 2764 1881 2811 portam
1928 2757 2161 2813 egrediens.
2239 2758 2349 2798 Tum
2392 2757 2530 2806 enim,
2577 2763 2624 2798 ut
2668 2755 2917 2799 Plutarchus
2960 2770 3003 2812 p.
3054 2757 3161 2799 454.
3204 2756 3253 2798 E.

654 2837 703 2863 ex
752 2821 851 2876 ipsis
900 2819 1044 2862 Sullae
1094 2819 1404 2862 commentariis
1455 2825 1685 2867 memorat,
1746 2833 1881 2876 quum
1931 2820 2064 2861 visum
2112 2827 2216 2862 esset
2265 2826 2536 2875 portentum,
2586 2833 2675 2876 quo
2710 2826 2836 2860 ntes
2879 2817 3072 2860 dixerant
3119 2818 3254 2875 signi·-

654 2884 770 2925 ficari
820 2884 1000 2924 Romam
1047 2896 1069 2923 a
1119 2895 1273 2938 magno
1321 2882 1429 2932 viro,
1485 2881 1515 2922 si
1565 2880 1793 2938 imperium
1840 2888 1987 2925 nactus
2036 2889 2169 2934 esset,
2204 2881 2428 2924 liberatum
2457 2881 2532 2933 iri,
2564 2881 2680 2924 Sulla
2713 2895 2796 2924 non
2830 2879 3058 2924 erubuerat
3089 2878 3253 2932 dicore,

655 2961 696 2989 se
730 2947 850 2987 illum
885 2960 995 2996 esse,
1032 2945 1107 3002 qui
1139 2943 1479 3001 significaretur,
1516 2944 1667 2986 virum.

720 3010 814 3050 Post
876 3015 938 3049 tot
999 3007 1174 3063 egregia
1234 3007 1394 3062 patriae
1438 3021 1535 3047 suae
1583 3007 1776 3062 praestita
1820 3006 2052 3057 beneficia,
2103 3008 2219 3050 Sulla
2267 3020 2434 3063 sperans
2481 3006 2572 3048 fore
2620 3014 2668 3048 ut
2710 3006 2838 3048 facilc
2882 3006 2937 3048 ad
2982 3003 3254 3047 Conmtatum

657 3070 926 3126 perveniret,
976 3069 1056 3111 sub
1102 3069 1242 3125 ipsum
1287 3068 1553 3110 comitiorum
1599 3075 1791 3124 tempus,
1842 3070 1994 3112 relictis
2042 3071 2183 3111 castris
2226 3068 2338 3125 apud
2385 3067 2560 3119 Nolam,
2611 3068 2865 3126 quantisque
2905 3080 3000 3109 raro
3030 3066 3254 3123 quisquam

657 3133 764 3173 alius
825 3138 920 3173 ante
975 3132 1243 3174 corsulatum
1292 3129 1417 3171 rebus
1463 3131 1611 3186 gestis,
1662 3130 1714 3172 ad
1760 3132 2007 3186 petitionem
2054 3131 2295 3174 consulatus
2336 3131 2515 3172 Romam
2559 3137 2619 3172 est
2667 3130 2893 3188 profectus.
2958 3129 3108 3186 Neque
3150 3126 3256 3169 tinec

658 3210 747 3250 spes
805 3208 903 3236 eum
956 3194 1132 3245 fefellit3
1185 3207 1312 3242 nam,
1359 3199 1408 3234 ut
1457 3193 1640 3236 Velleius
1681 3193 1827 3235 scribit
1876 3196 1920 3238 L.
1968 3195 2027 3237 11.
2070 3208 2111 3236 c.
2160 3197 2233 3236 17.
2280 3200 2438 3251 petens
2489 3192 2817 3244 Consulatum,
2846 3205 3003 3248 paene
3049 3191 3256 3233 ornm'um

658 3258 831 3297 civium
878 3256 1136 3314 suffragiis
1168 3255 1340 3312 factus
1387 3262 1482 3305 est,
1531 3255 2032 3315 undequinquagesimo
2080 3257 2253 3298 aetatis
2303 3270 2411 3297 mae
2457 3270 2592 3297 anno.
2656 3257 2708 3297 In
2754 3268 2842 3312 qua
2881 3254 3088 3310 dignitate
3120 3252 3253 3301 vidit,

660 3326 831 3374 propter
864 3319 1085 3360 imminens
1122 3318 1282 3360 bellum
1313 3316 1669 3367 Mithridaticum,
1707 3332 1856 3361 novam
1888 3320 2044 3361 iterum
2074 3319 2155 3361 sibi
2185 3318 2273 3360 dari
2305 3318 2461 3376 gloriae
2494 3315 2802 3373 comparandae
2834 3317 3016 3373 copiam.
3082 3314 3256 3357 Scilicet

653 3396 742 3444 per
792 3396 843 3421 ea
892 3388 1116 3439 tempora,
1181 3382 1238 3423 ita
1297 3381 1437 3439 pergit
1501 3380 1685 3424 Velleius
1738 3381 1785 3423 L.
1837 3383 1896 3425 11.
1943 3396 1982 3424 c.
2033 3382 2107 3424 18.
2175 3380 2514 3427 Mithridates.
2563 3378 2789 3422 Pontio-m
2836 3393 2941 3432 rear,
2992 3379 3072 3420 vir
3118 3390 3257 3434 neque

660 3443 898 3494 silendus,
945 3460 1081 3502 mque
1124 3442 1341 3486 dicendus
1389 3445 1488 3485 sine
1534 3459 1676 3493 cura,
1729 3443 1843 3485 bello
1889 3447 2173 3496 acerrimus,
2222 3447 2401 3487 virtute
2450 3444 2677 3494 eximius,
2727 3441 2981 3500 aliquando
3016 3440 3251 3499 fortuna,

659 3521 837 3564 ,semper
885 3507 1042 3548 animo
1088 3509 1344 3558 maximus,
1394 3506 1611 3549 consiliis
1660 3504 1782 3559 duat,
1830 3506 1966 3550 miles
2009 3522 2173 3557 manu,
2225 3506 2328 3549 odio
2374 3507 2427 3548 in
2468 3504 2695 3548 Romanos
2736 3503 3003 3555 Hannibal,
3036 3507 3252 3558 occupata

659 3568 806 3620 Asia,
858 3570 1119 3627 necatisque
1153 3571 1205 3610 s'n
1237 3585 1289 3612 ea
1322 3570 1531 3611 omnihus
1563 3568 1742 3611 civibus
1773 3567 2023 3620 Romanis,
2060 3569 2298 3612 terribilis
2325 3566 2501 3612 Italiae
2525 3582 2698 3629 quoque
2720 3567 2966 3610 videbatur
2988 3565 3248 3607 imminere.

717 3632 862 3683 Quum
904 3638 1045 3678 autem
1092 3632 1235 3689 Sulla,
1285 3638 1392 3673 sorte
1442 3633 1700 3687 provinciam
1748 3632 1887 3673 Asiam
1933 3640 2081 3673 nactus
2128 3640 2170 3672 et
2218 3633 2300 3674 iam
2353 3629 2464 3673 Urbe
2515 3645 2703 3686 egressus
2750 3631 2863 3671 circa
2910 3627 3058 3669 Notum
3104 3641 3266 3678 mora--
