3442 4094
1412 111 1444 162 7

138 248 418 300 Praesentia
467 245 590 289 enim
630 243 785 289 animi
828 244 906 287 sui
951 248 1162 288 senatum
1202 249 1247 286 st
1292 249 1545 302 equestrem
1585 240 1793 287 ordinem
1824 241 1889 287 ad
1917 240 2175 294 vindictam
2206 242 2476 302 exigendam
2506 247 2722 304 impuli&

136 315 224 358 crr.
254 310 402 355 Cicero
433 321 510 364 pro
540 307 587 350 C.
619 306 762 350 Rabir.
795 306 914 362 perd.
947 320 986 349 c.
1023 308 1068 349 7.
1101 308 1175 348 21.
1207 319 1302 363 sqq.

200 373 347 427 Quum
396 368 557 411 bellum
604 366 932 411 Mithridaticum
983 365 1171 408 nondum
1217 366 1444 423 erupisset,
1488 366 1770 409 intercederet
1814 374 1956 410 tamen
1996 368 2083 410 iam
2115 368 2277 427 populo
2308 368 2503 411 Romano
2534 368 2718 412 simultas

141 449 242 482 cum
289 429 554 481 mithridate,
603 437 821 488 essentque
870 429 1015 485 variae¹
1050 428 1095 470 in
1141 427 1281 472 Asiam
1329 427 1385 471 ad
1429 442 1557 486 regna
1603 428 1894 486 Cappadociae
1935 437 1976 473 et
2008 428 2233 487 Bithyniae
2264 430 2498 488 legationes
2547 431 2718 483 missae,

142 510 271 542 unam
316 508 460 549 carum
506 494 766 551 legationum
811 507 850 534 a.
885 492 994 534 663.
1045 490 1194 533 obiisse
1226 490 1392 544 videtur
1421 491 1620 536 Scaurus.
1653 491 1753 538 vid.
1793 492 1840 536 P.
1874 493 2128 551 wesseling.
2162 491 2379 537 observat.
2412 494 2459 538 L.
2494 492 2531 535 Ι.
2566 506 2608 536 c.
2639 493 2717 537 xl.

140 559 248 603 Inde
297 558 445 609 redux,
491 571 599 597 reus
641 564 709 597 est
738 554 934 612 sactus,
984 560 1032 595 ut
1075 553 1219 594 scribit
1264 554 1422 596 Cicero.
1444 568 1522 612 pro
1549 555 1697 600 Soeur.
1731 569 1774 597 c.
1807 557 1851 597 1.
1882 557 1928 598 2.
1975 569 2006 596 a
2040 554 2096 613 Q.
2131 553 2335 599 Servilio
2370 556 2590 614 Caepione
2622 555 2718 616 lege

141 620 347 667 Servilia
360 651 373 673 ,
422 634 565 678 quum
610 617 793 662 iudicia
832 629 969 672 penes
1014 623 1264 674 equestrem
1309 616 1515 660 ordinem
1557 624 1731 669 essent,
1778 623 1823 659 et
1870 616 1929 659 P.
1976 614 2166 659 Rutilio
2206 616 2426 659 damnato
2452 632 2580 660 nemo
2618 625 2718 662 tam

62 678 68 683 ’
141 688 351 728 innocens
394 681 655 731 videretur,
699 685 754 720 ut
798 692 886 720 non
934 678 1118 721 timeret
1163 678 1270 724 illa.
1334 679 1400 723 Ad
1447 694 1494 738 q.
1541 679 1569 722 l.
1617 679 1822 723 Asconius
1864 686 2007 722 narrat
2047 672 2261 737 quo'modo
2302 681 2485 723 Scaurus
2518 682 2713 733 evaserit,

140 745 515 799 ἀντικατηγορῶν
563 742 759 798 Caepioni
805 742 936 783 actori
984 741 1266 786 intendendo=
1317 742 1375 801 Q.
1420 740 1660 786 Ser-vitiu
1697 743 1888 799 Caepio,
1921 743 2085 799 inquit,
2119 741 2348 786 Scaurum
2380 743 2433 784 ob
2466 742 2716 801 legationis

142 810 383 854 Asiaticae
429 803 663 848 invidiam
707 810 751 844 et
797 802 1015 845 adversus
1064 804 1183 862 leges
1225 807 1526 861 pecuniarum
1565 812 1813 861 captarum
1862 819 1991 846 reum
2023 802 2148 860 fecit
2190 804 2551 861 repetundarum
2594 805 2712 863 lege,

140 886 281 932 quam
328 868 446 912 tulit
503 864 735 909 Servilius
785 862 996 909 Glaucia.
1062 864 1264 910 Scaurus
1307 868 1444 909 'tanta
1480 864 1592 924 fuit
1637 868 1920 910 continentia
1969 866 2122 909 animi
2168 873 2212 908 et
2259 865 2612 926 magnitudine,
2660 876 2716 909 ut

142 934 416 991 Caepionem>
466 934 627 972 contra
690 942 820 971 reum
880 927 1102 972 detulerit
1158 935 1202 971 et
1264 928 1466 972 breviore
1519 927 1594 970 die
1650 929 1979 986 inquisitionis
2022 936 2206 986 accepta
2249 928 2477 987 effecerit,
2527 936 2583 971 ut
2630 928 2717 973 ille

138 997 276 1057 prior
307 1006 495 1036 causam
543 990 736 1043 diceret,
788 989 857 1034 M.
907 1004 1078 1050 quoque
1118 990 1360 1042 Drusum,
1398 989 1641 1033 tribunum
1665 990 1841 1047 plebis,
1875 989 2140 1034 cohortatus
2168 993 2260 1045 sit,
2293 1000 2348 1035 ut
2379 991 2559 1035 iudicia
2591 1005 2716 1036 oom-

137 1063 361 1103 mutaret.

202 1121 327 1164 Anno
377 1117 595 1175 sequenti,
657 1116 711 1158 ab
758 1115 907 1158 eodem
960 1114 1015 1172 Q.
1066 1115 1308 1171 Caepione,
1359 1122 1407 1157 ut
1451 1114 1597 1157 Cicero
1638 1115 1781 1156 scribit
1825 1129 1902 1171 pro
1946 1117 2107 1158 Scauro
2154 1129 2193 1159 c.
2249 1122 2288 1160 1.
2335 1122 2378 1161 3.
2425 1120 2570 1161 etiam
2620 1117 2715 1177 lege

145 1182 330 1232 Varia,
381 1186 532 1223 custos
574 1177 659 1222 ille
708 1179 780 1220 rei
816 1176 1031 1234 publicae
1068 1176 1360 1234 proditionis
1402 1183 1471 1218 est
1512 1178 1566 1219 in
1605 1178 1781 1220 crimen
1823 1185 2038 1219 vocatus.-
2069 1186 2258 1220 vexatus
2290 1196 2318 1221 a
2347 1180 2402 1237 Q.
2436 1180 2589 1224 Vario
2623 1182 2714 1222 tri-

142 1247 258 1292 buno
299 1242 450 1304 plebis
498 1248 565 1284 est
609 1254 698 1286 non
745 1238 895 1283 multo
941 1245 1062 1283 ante.
1118 1238 1169 1283 ad
1212 1253 1256 1297 q.
1303 1240 1332 1283 l.
1382 1238 1535 1299 quibus
1583 1254 1646 1282 res
1691 1240 1787 1282 satis
1830 1240 2090 1296 explicatur,
2139 1239 2244 1283 haee
2290 1243 2447 1284 notavit
2485 1243 2712 1286 Asconius:

143 1308 314 1353 Italico
358 1304 473 1347 bello
513 1309 694 1353 exorto,
742 1316 884 1360 quum
926 1301 978 1343 ol>
1026 1303 1166 1351 sociis
1210 1308 1431 1360 negatam
1475 1303 1715 1345 civitatem
1762 1301 1988 1344 nobilitas
2029 1303 2083 1344 in
2126 1302 2311 1345 invidia
2344 1311 2482 1354 esset,
2520 1305 2574 1362 Q.
2614 1303 2716 1347 Va-

143 1373 275 1420 rius,
326 1363 756 1428 tribunusplebis,
804 1363 948 1422 legem
993 1362 1133 1416 tulit,
1166 1370 1221 1405 ut
1251 1371 1553 1424 quaereretur
1589 1362 1642 1407 de
1673 1365 1762 1416 iis,
1796 1378 1993 1422 quorum
2024 1379 2103 1421 ope
2133 1365 2376 1408 consiliove
2411 1367 2526 1407 socii
2558 1375 2717 1408 contra

139 1430 360 1492 populum
405 1427 663 1472 Romanum
705 1440 843 1469 arma
883 1427 1201 1483 sumpsissent.
1270 1425 1384 1469 Tum
1431 1425 1485 1485 Q.
1536 1426 1723 1484 Caepio,
1776 1434 1905 1469 vetus
1935 1428 2160 1470 inimicus
2190 1426 2384 1480 Scauri,
2418 1443 2610 1485 sperans
2640 1431 2717 1471 in-

143 1497 314 1539 venisse
361 1506 407 1537 se
453 1492 746 1538 occasionem·
774 1487 1066 1548 opprimendi
1111 1490 1211 1533 eius
1257 1490 1384 1548 egit,
1435 1496 1488 1532 ut
1535 1489 1589 1548 Q.
1644 1488 1855 1542 Varius,
1905 1489 2125 1533 tribunus
2149 1490 2321 1548 plebis,
2357 1490 2469 1535 belli
2498 1492 2719 1535 concitati

142 1558 339 1602 crimine
387 1554 539 1596 adesse
585 1552 713 1609 apud
754 1567 799 1594 se
843 1550 1071 1595 Scaurum
1119 1552 1296 1593 iuberet
1341 1566 1459 1593 anno
1506 1551 1707 1595 LXXII.
1774 1552 1864 1595 Ille
1893 1567 1982 1610 per
2015 1555 2239 1595 viatorem
2270 1556 2540 1607 accersitus,
2577 1568 2718 1612 quum

143 1624 243 1664 iam
288 1632 344 1659 ex
384 1615 541 1659 morbo
585 1614 706 1656 male
755 1614 1037 1664 solveretur,
1085 1612 1461 1656 dissuadentibus
1510 1616 1704 1666 amicis,
1749 1630 1803 1656 ne
1851 1629 1897 1655 se
1941 1615 1993 1655 in
2042 1615 2135 1656 illa
2177 1615 2439 1658 valetudine
2484 1624 2526 1657 et
2569 1624 2719 1657 aetate

142 1680 349 1725 invidiae
389 1676 557 1736 populi
604 1676 838 1728 obiiceret,
883 1677 1079 1718 innixus
1119 1676 1432 1718 nobilissimis
1475 1677 1717 1719 iuvenibus
1758 1678 1986 1735 processit
2032 1679 2086 1718 in
2113 1676 2309 1736 forum,
2357 1678 2513 1722 deinde
2542 1686 2721 1736 accepto

142 1741 444 1801 respondendi
484 1740 576 1783 loeo
611 1739 790 1782 dimite.
836 1739 889 1796 Q.
935 1737 1154 1783 Varius
1198 1738 1489 1796 Hispanus
1521 1739 1586 1783 Μ.
1620 1738 1891 1783 Scaurum
1917 1741 2238 1796 principem
2272 1750 2501 1784 senatus
2536 1744 2720 1783 socios

145 1810 205 1849 in
251 1818 410 1847 arma
449 1804 538 1844 ait
578 1816 933 1851 convocasse3
979 1799 1046 1842 M.
1090 1799 1346 1844 Scaurus
1373 1802 1647 1858 princepe
1688 1809 1928 1843 senatus
1968 1809 2171 1860 negat3
2217 1805 2393 1844 testis
2432 1818 2580 1845 nemo
2613 1811 2720 1844 est.-

145 1868 277 1912 utri
323 1880 440 1917 vos,
492 1863 792 1922 Quirites,
842 1863 1102 1905 convenit
1159 1862 1418 1906 credere?
1495 1862 1598 1923 Qua
1646 1879 1744 1907 voce
1788 1865 1862 1907 ita
1910 1865 2115 1907 omnium
2163 1868 2466 1909 eommutavit
2511 1867 2719 1916 animos,

145 1939 199 1975 ut
246 1929 304 1976 ab
351 1930 453 1985 ipso
492 1927 636 1970 etiam
693 1925 881 1968 tribuno
934 1924 1270 1969 dimitteretur.
1349 1927 1639 1983 Responsum,
1689 1941 1778 1988 quo
1822 1927 2007 1970 Scaurus
2051 1929 2360 1972 accusationem
2410 1930 2554 1981 elusit,
2605 1929 2720 1987 quod

145 1993 455 2049 Quinctiliauus
492 1991 538 2033 L.
579 1990 635 2035 V.
678 2002 715 2032 e.
763 1991 834 2032 12.
882 1989 926 2030 9.
969 1996 1185 2045 comparat
1223 2002 1322 2031 cum
1364 1990 1487 2032 simili
1528 2004 1724 2046 responso
1766 1990 1995 2046 Iphicratis
2032 1988 2131 2048 (cte.
2175 1992 2344 2035 Aristot.
2393 1992 2522 2035 Rhet.
2571 1991 2616 2033 L.
2662 1992 2721 2034 11.

145 2072 188 2112 p.
226 2055 362 2097 1398.
394 2050 555 2109 Bekk.)
604 2053 1023 2093 memorarunt-item
1057 2051 1253 2095 Aurelius
1287 2052 1432 2097 Victor
1471 2053 1500 2093 1.
1537 2067 1576 2095 c.
1608 2060 1651 2094 et
1695 2053 1836 2097 Valer.
1881 2053 1989 2094 Max.
2035 2053 2081 2095 L.
2116 2053 2197 2095 ΙΙΙ.
2231 2068 2269 2095 c.
2307 2057 2349 2098 7.
2384 2055 2426 2098 8.
2460 2068 2720 2112 quamquam

145 2119 217 2160 hic
248 2115 422 2173 quidem
454 2128 672 2171 perperam
702 2112 815 2155 istud
849 2114 976 2156 refert
1007 2112 1061 2155 ad
1093 2114 1255 2158 crimen
1286 2122 1485 2171 acceptae
1517 2115 1722 2171 pecuniae
1753 2130 1779 2158 a
1810 2129 1912 2170 rege
1944 2113 2198 2159 Mithridate.

208 2180 356 2236 Neque
404 2185 545 2220 tamen
591 2189 754 2232 semper
800 2175 990 2236 Scaurus·
1031 2173 1179 2218 eodem
1231 2175 1391 2219 honore
1440 2176 1621 2219 discessit
1667 2191 1692 2219 a
1740 2176 1915 2219 iudicio.
1983 2176 2129 2231 Quum
2178 2179 2289 2219 enim
2334 2179 2376 2220 in
2417 2178 2461 2221 C.
2495 2178 2720 2221 Fimbriam

148 2250 188 2284 et
237 2241 281 2283 C.
332 2240 573 2282 Memmium
611 2239 772 2280 iuratus
818 2238 1100 2280 testimonium
1148 2238 1340 2291 dixisset,
1390 2240 1476 2282 eius
1523 2240 1759 2284 testimonio
1807 2253 1890 2280 non
1934 2239 2137 2280 creditum
2173 2247 2256 2290 est,
2292 2248 2362 2290 ut,
2397 2240 2546 2282 additis
2581 2249 2717 2282 tamen

146 2303 292 2347 Scauri
335 2300 531 2343 laudibus
582 2300 784 2357 egregiiS,
833 2301 958 2342 refert
990 2299 1136 2342 Cicero
1170 2315 1247 2357 pro
1281 2301 1455 2343 Fonteio
1487 2315 1525 2345 c.
1564 2303 1606 2343 7.
1645 2303 1718 2343 14.
1783 2299 1987 2360 Ecquem
2022 2300 2249 2344 hominem
2281 2302 2508 2353 vidimus,
2544 2318 2720 2361 ecquem

146 2381 247 2409 vere
290 2378 640 2408 commemorare
678 2376 925 2420 possumus
959 2376 1126 2421 parem
1173 2362 1389 2416 consilio,
1432 2365 1707 2425 gravitate,
1756 2364 2045 2413 constantia,
2093 2366 2257 2406 ceteris
2302 2365 2582 2416 virtutibus,
2635 2365 2718 2406 ho-

145 2430 302 2480 noris,
360 2427 570 2488 ingenii,
630 2439 789 2467 rerum
829 2432 1077 2485 gestarum
1120 2426 1434 2479 ornamentis,
1484 2425 1553 2469 M*-
1599 2422 1806 2469 Aemilio
1851 2423 2024 2469 Scauro
2057 2424 2251 2483 fuisse?
2332 2426 2499 2470 Tamen
2546 2427 2687 2469 buius
2705 2460 2715 2478 ,

147 2494 280 2535 cuius
324 2491 537 2533 iniurati
582 2496 698 2530 nutu
737 2487 882 2547 prope
929 2495 1170 2529 terra-rum
1214 2488 1341 2530 orbis
1383 2489 1655 2548 regebatur,
1701 2490 1859 2529 iurati
1888 2489 2171 2541 testimonio,
2222 2504 2359 2548 neque
2402 2492 2454 2531 in
2505 2492 2554 2533 C.
2588 2490 2718 2533 Fim-

149 2556 327 2606 briam,
373 2567 514 2610 neque
555 2553 608 2595 in
656 2551 702 2594 C.
751 2549 1023 2593 Memmium
1066 2549 1294 2594 creditum
1338 2559 1421 2594 est.
1495 2551 1582 2604 Qui
1625 2551 1797 2607 quidem
1844 2551 2064 2592 Memmius
2109 2552 2222 2592 idem
2268 2567 2354 2594 esse
2401 2553 2591 2603 videtur,
2642 2555 2719 2612 qui

145 2616 301 2661 acerbo
349 2615 449 2659 olim
496 2613 688 2657 convicio
729 2612 866 2670 palam
899 2613 1048 2656 Scauri
1079 2612 1293 2660 avaritiam
1325 2611 1615 2671 exprobravit:
1665 2612 1788 2656 euius
1816 2613 1876 2654 rei
1918 2612 2075 2654 mentio
2119 2611 2168 2655 fit
2210 2613 2326 2670 apud
2372 2614 2619 2658 Ciceronem
2667 2615 2720 2659 de

148 2680 267 2723 Orat.
301 2680 347 2721 L.
380 2678 437 2720 11.
474 2690 513 2720 c.
548 2678 623 2720 70.
659 2676 765 2719 283.
828 2671 1015 2717 Bellum
1049 2675 1194 2717 etiam
1220 2682 1308 2727 est,
1342 2689 1506 2734 quum,
1555 2673 1675 2733 quid
1699 2675 1777 2720 cui
1807 2688 1860 2716 ue
1889 2674 1958 2717 sit
1989 2682 2361 2729 consentaneum,
2395 2675 2604 2720 dicitur:
2637 2685 2718 2728 ut,

147 2754 289 2802 quum
329 2739 536 2786 Scaurus
569 2737 842 2782 nonnullam
873 2736 1055 2781 liaberet
1091 2736 1324 2781 invidiam
1369 2752 1422 2781 eze
1469 2751 1540 2795 eo,
1589 2734 1714 2797 quod
1801 2735 2047 2796 hrygionis
2095 2736 2336 2798 Pompeii,
2372 2738 2614 2797 locupletis
2644 2739 2720 2782 lio-

147 2804 321 2853 minis,
371 2802 484 2845 hona
529 2803 628 2844 sine
667 2808 937 2843 testamento
966 2799 1254 2860 possederat,
1300 2798 1553 2861 cederetque
1597 2799 1841 2842 advocatus
1881 2813 1957 2840 reo
1987 2797 2199 2853 Bestiae,
2231 2816 2374 2861 quum
2394 2801 2551 2861 fimus
2583 2802 2721 2862 quod-

149 2868 259 2910 dam
297 2865 844 2916 disceretur-„aecusator
890 2865 937 2907 0.
985 2863 1258 2914 Memmius,
1312 2862 1482 2915 Vide,
1531 2863 1714 2922 inquit,
1761 2860 1999 2915 Scaure¹
2047 2870 2319 2906 mortuus
2363 2868 2632 2922 rapitur,
2668 2868 2722 2907 si

143 2937 309 2988 potes
355 2942 467 2970 esse
509 2941 818 2984 possessor.
885 2928 1056 2975 Praeter
1103 2927 1345 2970 Memmium
1394 2934 1436 2969 et
1477 2926 1664 2969 Flavium
1709 2923 1963 2976 Fimbriam,
2010 2926 2181 2968 tertium
2230 2929 2469 2985 exemplum
2516 2937 2723 2971 memorat

149 2992 292 3037 Valer.
337 2991 442 3034 Max.
492 2989 539 3038 L.
588 2989 709 3035 V111.
754 3003 793 3032 c.
845 2992 888 3032 5.
936 2991 980 3033 2.
1059 2987 1127 3033 Μ.
1178 2986 1414 3033 Aemilius
1456 2986 1684 3041 Scaurus,
1733 2989 1893 3047 inquit,
1936 2988 2157 3045 princeps
2203 2996 2418 3044 senatus,
2469 2991 2518 3034 C.
2574 2990 2722 3034 Mem-

149 3057 298 3099 mium
340 3051 699 3112 repetundarum
738 3066 868 3105 reum
906 3051 1125 3096 destricto
1173 3053 1433 3096 testimonio
1477 3053 1709 3095 insecutus
1747 3057 1828 3092 est.
1895 3049 2016 3093 Item
2062 3051 2109 3094 C.
2161 3050 2382 3095 Flavium
2422 3052 2577 3097 eadem
2629 3054 2722 3115 lege

150 3124 417 3162 accusatum
447 3117 581 3159 testis
604 3112 852 3174 proscidit.
904 3114 1012 3159 Iam
1036 3115 1084 3160 C.
1115 3112 1387 3160 Norbanum
1412 3115 1677 3159 maiestatis
1702 3114 1899 3157 crimine
1918 3112 2135 3172 publicae
2162 3116 2426 3173 quaestioni
2448 3116 2719 3168 subiectum,

142 3197 204 3224 ἐι·
241 3178 454 3238 professo
498 3181 755 3236 opprimere
792 3187 983 3230 conatus
1024 3186 1093 3221 est
1106 3196 1123 3220 .-
1170 3194 1248 3222 πω
1285 3186 1437 3225 tamen
1479 3185 1564 3221 aut
1604 3178 1906 3229 auctoritate,
1952 3192 2046 3235 qua
2079 3177 2350 3238 plurimum
2374 3179 2604 3238 pollebat,
2639 3188 2723 3227 aut

150 3244 401 3303 religione,
434 3240 487 3285 de
517 3258 610 3304 qua
641 3256 769 3285 nemo
798 3237 1371 3304 dubitabat,·quemquam
1399 3241 1593 3288 illorum
1623 3240 1833 3302 affligere
1857 3241 2031 3298 potuit.
2195 3245 2199 3248 “

190 3306 418 3353 ‘Videmus
460 3306 592 3363 igitur
635 3306 843 3350 Scaurum
890 3306 935 3348 in
979 3305 1187 3353 continuis
1229 3305 1509 3350 simultatibus
1552 3304 1838 3356 consenuisse3
1886 3302 2002 3361 quod
2058 3310 2151 3347 tum
2193 3304 2368 3362 quidem
2417 3307 2556 3349 minus
2604 3306 2726 3349 vide-

152 3371 269 3414 bitur
317 3369 499 3418 mirum,
549 3368 583 3409 si
628 3367 863 3426 cogitamus
904 3374 1021 3411 tanta
1069 3382 1168 3411 eum
1211 3369 1335 3412 fuisse
1382 3367 1638 3420 constantia,
1688 3373 1737 3410 ut
1779 3365 1832 3409 de
1877 3379 1973 3408 vera
2014 3371 2054 3407 et
2098 3373 2214 3409 certa
2256 3368 2462 3411 sententia
2505 3383 2725 3427 nunquam

147 3434 335 3491 potuerit
365 3428 603 3474 demoveri:
638 3437 680 3472 et
712 3430 840 3473 talem
870 3445 914 3474 se
946 3431 1193 3488 praestitisse
1221 3438 1577 3493 propugnatorem
1627 3431 1685 3475 rei
1729 3428 1926 3488 publicae
1969 3442 2046 3488 per
2091 3429 2262 3487 triginta
2303 3437 2347 3473 et
2389 3430 2532 3489 plures
2572 3445 2721 3482 annos,

150 3497 257 3555 qui,
317 3502 363 3537 ut
419 3492 564 3537 Cicero
615 3493 672 3534 ait
728 3506 806 3549 pro
851 3494 993 3536 Sextio
1036 3508 1075 3537 c.
1126 3495 1200 3538 47.
1256 3495 1358 3537 101.
1419 3510 1449 3537 a
1498 3494 1545 3538 C.
1594 3490 1797 3536 Graccho
1838 3506 1979 3550 usque
2023 3490 2094 3533 ad*
2134 3490 2190 3550 Q.
2239 3491 2449 3542 Varium
2492 3494 2729 3537 seditiosis

148 3556 357 3612 omnibus
401 3556 607 3605 restitit,
650 3569 782 3615 quem
834 3555 968 3597 nulla
1018 3571 1222 3615 unquam
1264 3557 1363 3609 vis,
1411 3555 1570 3599 nullae
1619 3557 1794 3607 minae,
1843 3553 1980 3596 nulla
2018 3554 2204 3597 invidia
2255 3555 2480 3615 labefecit.
2556 3558 2729 3613 Propter

147 3618 220 3677 has
263 3619 396 3678 igitur
443 3617 672 3661 simultates
716 3617 904 3675 suspicor
950 3617 1160 3677 Scaurum
1209 3619 1435 3664 contubsse
1477 3633 1521 3664 se
1567 3617 1625 3663 ad:
1665 3615 1933 3663 scribendum
1981 3615 2133 3672 besee,
2181 3617 2424 3678 dequibus
2453 3619 2642 3678 agimu,
2675 3618 2729 3662 de
