3442 4094
1968 155 2030 205 16

696 278 746 320 Iu
790 292 841 321 eo
880 286 1025 323 autem
1067 281 1154 324 falli
1199 281 1346 336 opinor
1391 275 1648 323 Heerenium
1668 307 1682 330 ,
1727 277 1844 336 quod
1875 277 2023 322 scribit
2052 279 2196 321 Sullae
2223 280 2352 323 libros
2383 282 2544 327 Graece
2575 288 2703 332 fuisse
2735 295 3018 352 compositum
3063 298 3151 355 q'uo
3175 295 3279 354 ipso

693 341 858 398 iuquit,
907 344 1109 386 maxime
1155 340 1416 385 Plutarcho
1449 340 1627 400 facilis
1676 339 1740 381 ad
1775 353 1846 382 eos
1894 339 2057 382 aditus
2094 341 2322 399 patebat.-
2367 345 2603 401 fragmenta
2651 344 2765 394 euim
2785 384 2797 404 ,
2841 342 2953 413 quae
2986 358 3086 400 inde
3118 327 3295 401 servavii

694 403 858 447 Gellius
909 413 951 448 et
994 405 1256 454 Priscianus,
1301 404 1397 446 satis
1428 402 1598 445 abunde
1631 401 1787 444 docent
1818 417 1888 444 eos
1928 402 2261 446 Commentarios
2291 406 2417 449 fuisse
2448 407 2597 450 Latino
2629 425 2820 456 samone
2847 420 3119 476 conscriptos.
3183 420 3293 464 Tum

699 481 874 523 quoque
923 468 1059 507 minus
1103 472 1219 507 recte
1267 465 1323 507 ab
1368 465 1517 507 eodem
1560 463 1788 507 scribitur:
1830 463 2080 522 Profectus
2110 468 2270 524 itaque
2311 483 2342 511 a
2374 468 2491 511 bello
2522 468 2724 523 Sociale.
2763 476 2884 531 quod
2912 479 3076 523 leviter
3107 490 3294 525 tansum·

691 528 1032 585 perstrinxisse
1076 527 1288 580 videtur,
1335 541 1451 586 quas
1497 526 1576 569 hoo
1610 533 1878 584 exceperunt
1918 525 2224 569 dissensiones
2251 543 2306 572 ao
2335 545 2443 573 mos
2474 535 2731 577 certamina
2761 549 2864 577 cum
2896 538 3088 594 Mario,
3124 544 3294 586 bellum

700 589 1090 635 Mithridaticum
1123 592 1337 649 primum
1355 620 1369 643 ,
1416 605 1469 634 ac
1517 603 1563 632 eo
1595 588 1743 649 finito
1787 588 1958 631 bellum
2010 589 2157 631 Civile
2201 592 2255 633 in
2305 593 2461 635 Italia
2508 598 2681 654 copiose
2720 602 2966 641 enarravit
2976 617 2996 651 3
3036 618 3149 646 num
3180 622 3295 664 quae

697 656 748 696 in
791 653 1053 696 Dictaeum
1088 661 1300 713 gesserat
1346 654 1494 696 adhuc
1537 655 1828 711 exposuerit,
1886 654 2116 693 incertum
2163 661 2244 695 est.
2326 657 2475 714 Neque
2525 661 2637 702 enim
2687 676 2711 702 a
2758 661 2871 703 bello
2919 663 3070 707 sociati
3119 666 3293 711 demum

695 717 866 756 initium
904 717 1118 758 scribendi
1163 719 1307 758 fecisse
1355 716 1587 758 censendus
1625 724 1683 757 est
1723 715 1871 761 Sulla.
1914 713 1988 756 sed
2032 715 2119 756 sine
2163 713 2324 767 dubio,
2374 732 2458 761 non
2507 725 2668 765 tantum
2720 720 2773 766 de
2826 723 3026 768 Praetura
3064 741 3166 778 sua,
3219 729 3290 773 sed

699 780 829 819 etiam
877 779 930 820 de
975 779 1100 821 rebus
1148 780 1232 821 suis
1278 780 1321 821 in
1364 778 1476 822 bello
1517 777 1727 821 Cimbrico
1776 776 1898 833 gestis
1943 776 2162 832 exposuit3
2209 778 2315 835 quin
2363 779 2517 834 etiam,
2578 789 2628 827 ut
2672 784 2738 829 vel
2784 786 2872 843 ipsa
2916 799 3027 845 quae
3073 799 3294 845 supersunt

697 840 951 897 Fragmenta
999 840 1187 892 docent,
1235 848 1423 897 tempora
1472 839 1636 883 videtur
1677 839 1860 896 attigisse
1908 838 2041 881 multo
2086 841 2227 896 priora
2271 847 2313 882 et
2369 833 2505 898 gentis
2547 858 2647 888 suae
2691 846 2779 889 fata
2825 862 3098 900 memorasse,
3144 864 3288 908 quae,

700 910 793 945 orta
826 918 873 945 ex
908 904 1035 959 stirpe
1070 904 1245 959 patricia
1279 903 1535 945 nobilissima
1567 909 1609 944 et
1641 903 1924 960 antiquissima
1945 932 1957 950 ,
1991 908 2083 957 post
2115 901 2284 944 redacta
2317 911 2406 945 erat
2438 905 2492 947 ad
2525 915 2832 964 paupertatem.

763 964 889 1018 Quod
935 966 968 1007 si
1013 979 1109 1007 vero
1148 979 1292 1007 causas
1334 979 1612 1022 quaeramus,
1672 978 1781 1022 quae
1832 964 1992 1005 Sullam
2042 962 2096 1005 ad
2133 964 2404 1007 scribendum
2451 968 2719 1024 impulerint,
2766 986 3027 1031 quamquam
3076 973 3190 1017 haud
3234 977 3294 1017 ita

692 1028 815 1069 facile
865 1035 926 1070 est
973 1028 1016 1069 in
1063 1034 1181 1069 tanto
1230 1028 1436 1072 Veterum
1479 1028 1643 1069 silentio
1686 1025 1923 1084 quidquam
1975 1027 2081 1067 certi
2129 1033 2341 1079 statuere,
2391 1031 2581 1085 suspicor
2626 1038 2796 1084 tamen,
2851 1035 2896 1076 in
2938 1036 3057 1078 Sulla
3104 1037 3296 1080 uonnihssl

698 1091 869 1132 valuisse
918 1091 1076 1145 gloriae
1118 1089 1332 1133 studium:
1381 1091 1504 1132 cuius
1545 1091 1682 1147 ipsum
1726 1089 1848 1131 fuisse
1898 1088 2163 1144 cupidiorem
2206 1096 2248 1131 et
2296 1091 2436 1133 scribit
2479 1092 2647 1136 Sallust.
2693 1094 2737 1135 in
2786 1095 2883 1152 lug.
2935 1112 2975 1140 c.
3024 1099 3098 1141 95.
3131 1107 3171 1142 et
3200 1115 3296 1143 vero

695 1156 891 1209 apparuit
935 1160 1024 1195 tum
1070 1168 1119 1195 ex
1168 1152 1259 1195 aliis
1301 1152 1389 1196 eius
1432 1152 1575 1203 sactis,
1620 1158 1710 1194 tum
1752 1165 1801 1194 ex
1847 1164 1897 1192 eo
1937 1150 2052 1207 quod
2097 1159 2239 1193 narrat
2286 1153 2435 1197 Cicero
2484 1170 2561 1213 pro
2613 1155 2741 1200 Arch.
2785 1171 2823 1201 c.
2858 1160 2932 1200 10.
2969 1162 3045 1203 25.
3111 1160 3296 1206 Sullam

698 1232 780 1257 nos
829 1217 880 1257 in
925 1216 1131 1257 concione
1173 1213 1406 1266 vidimus,
1453 1215 1622 1272 inquit,
1671 1227 1813 1271 quum
1857 1214 1900 1253 ei
1946 1212 2157 1253 libellum
2194 1215 2352 1256 mahu
2389 1219 2526 1274 potita
2570 1218 2622 1259 de
2646 1219 2819 1276 populo
2852 1221 3146 1276 subiecisset,
3178 1227 3297 1283 quod

697 1280 991 1336 epigramma
1038 1279 1090 1320 in
1138 1292 1239 1320 eum
1273 1276 1469 1336 fecisset
1514 1275 1829 1318 tautummodo
1878 1275 2080 1316 alternis
2126 1277 2335 1318 versibus
2383 1279 2720 1337 longina-ulis,
2762 1285 2930 1324 statim
2962 1299 3016 1326 es·
3043 1287 3111 1326 iis
3142 1288 3290 1337 rebus,

697 1355 811 1399 quas
851 1349 959 1382 tunc
1000 1339 1241 1391 vendebat,
1296 1340 1450 1381 iubere
1490 1341 1534 1379 ei
1571 1340 1840 1396 praemium
1887 1338 2068 1387 tribui,
2118 1338 2198 1379 sed
2237 1355 2288 1381 ea
2332 1341 2622 1385 conditiones
2654 1360 2708 1385 ne
2739 1344 2856 1400 quid
2873 1354 3034 1400 postea
3059 1348 3291 1393 scriberet.

702 1404 838 1460 quue
887 1404 1043 1459 gloriae
1091 1402 1277 1445 studium
1322 1402 1490 1444 fortasse
1537 1402 1617 1442 fuit
1659 1402 1704 1442 iu
1752 1414 1875 1441 causa
1923 1400 2039 1456 quod
2078 1399 2364 1445 Alexandrum
2408 1402 2715 1460 Polybistorem
2761 1405 2980 1450 donaverit
3011 1408 3211 1462 civitate,
3247 1419 3295 1455 ut

699 1467 858 1521 legitur
908 1467 950 1506 in
995 1466 1126 1506 Servii
1171 1463 1338 1506 scholiis
1385 1463 1438 1505 ad
1486 1464 1635 1519 Virgil.
1680 1464 1784 1504 Aen.
1836 1461 1891 1504 X.
1938 1463 2044 1504 388.
2079 1462 2442 1518 quemadmodum
2475 1467 2629 1509 Marius
2658 1469 2809 1510 eximie
2839 1468 2983 1512 ditexit
3012 1471 3057 1513 L.
3088 1472 3291 1523 Plotium,

701 1530 834 1569 cuius
874 1529 1063 1586 ingenio
1101 1527 1303 1585 putabat
1351 1541 1425 1577 ea,
1473 1541 1586 1583 quae
1635 1529 1877 1583 gesserat,
1924 1519 2055 1580 posse
2100 1523 2355 1578 celebrari,
2404 1534 2453 1569 ut
2496 1529 2641 1571 scribit
2683 1530 2828 1572 Cicero
2870 1545 2948 1587 pro
2993 1532 3125 1576 Arch.
3175 1548 3213 1577 c.
3248 1537 3290 1578 9.

700 1592 774 1633 20.
858 1591 908 1632 In
955 1591 1100 1647 primis
1156 1603 1252 1632 vero
1299 1588 1380 1630 hoc
1417 1589 1584 1630 videtur
1614 1588 1773 1630 Sullam
1812 1585 1865 1627 ad
1912 1585 2182 1628 scribendum
2229 1587 2282 1629 de
2333 1589 2456 1631 rebus
2503 1592 2587 1633 suis
2631 1592 2891 1644 incitavisse,
2942 1593 3058 1653 quod
3107 1595 3294 1653 deposita

694 1654 915 1696 Dictatura
967 1667 1102 1710 quum
1148 1654 1426 1709 plurimorum
1472 1652 1632 1692 animos
1678 1649 1836 1690 videret
1882 1649 2093 1699 infensos,
2138 1665 2321 1706 quorum
2368 1661 2442 1694 aut
2487 1652 2596 1696 bona
2626 1655 2805 1697 iussisset
2837 1656 3071 1711 publicari,
3113 1667 3187 1702 aut
3219 1674 3295 1716 pa-

698 1724 835 1757 rentes
887 1717 949 1756 vel
993 1718 1133 1755 necari
1182 1716 1245 1755 vel
1294 1715 1339 1755 in
1386 1714 1575 1755 exsilium
1624 1712 1748 1762 eiici,
1799 1725 1863 1753 res
1907 1725 1930 1752 a
1978 1726 2020 1753 se
2070 1719 2204 1768 gestas
2252 1713 2429 1758 voluerit
2475 1729 2686 1761 excusare.
2766 1717 3005 1763 Videbatur
3055 1721 3169 1764 enim
3214 1722 3294 1765 sibi

692 1777 990 1819 crudelitatem
1036 1792 1153 1818 suam
1200 1790 1312 1832 posse
1361 1790 1580 1827 excusar03
1630 1775 1735 1831 quin
1772 1773 1898 1814 etiam
1943 1773 2162 1829 Appianus
2207 1774 2259 1816 de
2307 1776 2355 1819 B.
2403 1777 2488 1819 Civ.
2531 1778 2575 1821 L.
2626 1780 2661 1821 1.
2707 1792 2746 1821 c.
2799 1782 2901 1823 104.
2932 1789 3074 1824 narrat
3103 1783 3288 1834 Sullam,

694 1855 828 1897 quum
874 1841 1165 1896 magistratum
1215 1837 1477 1895 deponeret,
1529 1836 1678 1878 dixisse
1728 1847 1804 1891 pro
1851 1836 2088 1885 concione,
2139 1843 2332 1891 paratum
2377 1852 2418 1880 se
2470 1852 2582 1891 esse,
2631 1842 2664 1882 si
2709 1842 2804 1898 quis
2853 1850 3045 1897 peteret,
3094 1852 3289 1889 aetorum

692 1916 863 1945 suorum
908 1902 1083 1943 reddere
1135 1905 1353 1943 rationem.
1421 1899 1503 1941 Sed
1554 1906 1673 1939 crant
1722 1899 1848 1940 etiam
1895 1898 1982 1938 sine
2026 1897 2156 1940 dubio
2196 1900 2344 1948 multi,
2397 1901 2551 1956 quibus
2600 1903 2690 1944 iure
2732 1918 2806 1945 suo
2854 1905 3025 1947 Sullana
3060 1906 3290 1952 dominatio

691 1967 859 2021 gloriari
904 1973 1100 2022 poterat,
1148 1966 1306 2005 fructus
1340 1963 1453 2004 haud
1487 1958 1800 2004 contemnendi.
1867 1959 1956 2003 Nec
2001 1961 2114 2002 euim
2167 1962 2461 2006 tantummodo
2510 1956 2759 2019 cohibuerat
2802 1980 2940 2009 rerum
2976 1981 3179 2012 novarum
3204 1983 3288 2013 cu-

692 2020 833 2083 pidos:
881 2035 1142 2083 quapropter
1183 2024 1383 2069 laudatur
1426 2041 1449 2067 a
1486 2022 1658 2066 Caesare
1707 2020 1822 2079 apud
1867 2021 2036 2066 Sallust.
2086 2022 2206 2067 Galil.
2245 2036 2284 2069 c.
2327 2027 2402 2069 51.
2449 2027 2524 2070 32.
2573 2025 2770 2071 'Nostra
2809 2031 3063 2084 memoria,
3114 2033 3284 2091 inquit,

692 2092 841 2134 victor
885 2088 1022 2135 Sulla
1068 2103 1211 2148 quum
1256 2086 1601 2145 Damasippum
1642 2092 1684 2127 ec
1728 2085 1850 2127 alios
1898 2085 2192 2137 huiusmodi,
2241 2088 2326 2145 qai
2373 2089 2497 2129 malo
2544 2092 2616 2130 rei
2647 2090 2862 2147 publicae
2904 2102 3170 2144 creverant,
3216 2098 3288 2136 iu-

689 2154 862 2212 gulari
911 2154 1088 2204 iussit,
1139 2153 1247 2209 quis
1292 2165 1382 2192 mm
1413 2150 1604 2208 factum
1645 2151 1744 2189 eius
1793 2148 2050 2188 laudabat?
2095 2149 2166 2189 sed
2208 2152 2445 2191 restituerat
2484 2153 2609 2192 etiam
2655 2160 2839 2195 veterem
2884 2156 2945 2196 rei
2970 2155 3173 2210 ‚publicae
3202 2157 3289 2200 for-

691 2231 834 2258 mam:
886 2215 1164 2273 quamobrem
1206 2214 1390 2267 Quintus
1437 2212 1583 2253 Cicero
1629 2212 1672 2251 in
1724 2225 1850 2264 opere
1887 2210 1940 2250 de
1983 2210 2129 2265 Legib.
2169 2211 2215 2252 L.
2268 2211 2350 2252 ΙΙΙ.
2401 2227 2440 2253 c.
2483 2214 2526 2254 9.
2575 2215 2651 2255 22.
2719 2212 2930 2266 Sullam,
2962 2217 3129 2272 inquit,
3165 2218 3288 2261 volne-

692 2286 868 2319 menter
910 2276 1082 2333 probo,
1133 2277 1217 2332 qui
1264 2275 1473 2314 tribunis
1515 2272 1665 2328 plebis
1709 2287 1794 2312 sua
1844 2271 1939 2328 lege
1983 2272 2193 2314 iniuriae
2214 2271 2463 2329 faciendae
2485 2281 2760 2330 potestatem
2808 2276 3061 2330 ademerit,
3110 2281 3290 2323 ausilii

631 2370 633 2373 s
676 2341 871 2399 serendi
910 2339 1194 2396 reliquerit:
1240 2344 1281 2378 et
1326 2336 1563 2391 expiaverat
1611 2335 1902 2376 Romanorum
1947 2332 2191 2383 luxuriam,
2239 2341 2285 2376 ut
2317 2334 2463 2377 scribit
2495 2336 2655 2381 Plinius
2685 2338 2732 2382 L.
2763 2339 2964 2383 XXXIII.
2987 2352 3027 2384 0.·
3061 2343 3136 2385 51.
3170 2341 3287 2400 (11):

688 2404 797 2446 adde
820 2403 1005 2460 denique
1036 2402 1166 2457 leges,
1200 2398 1354 2457 quibus
1384 2398 1611 2454 plurimum
1632 2396 1813 2443 contulit
1841 2395 1893 2441 ad
1923 2395 2258 2450 constituendam
2289 2398 2511 2440 certiorem
2538 2400 2741 2442 rationem
2773 2402 2953 2444 universi
2973 2404 3074 2446 iuris
3089 2395 3285 2450 Romani.

748 2529 848 2570 Cffr.
897 2527 1141 2575 Vossius,
1193 2524 1246 2567 de
1293 2525 1396 2566 Hist.
1445 2524 1530 2566 Lat.
1566 2524 1611 2565 L.
1646 2523 1679 2565 Ι.
1713 2536 1752 2564 c.
1791 2523 1834 2563 9.
1903 2522 2200 2573 Funccius,
2235 2521 2287 2567 de
2322 2523 2441 2566 Virili
2471 2524 2515 2566 L.
2553 2524 2598 2567 L.
2632 2531 2770 2569 aetate
2803 2539 2843 2568 c.
2871 2526 2930 2569 11.
2966 2528 3004 2584 S.
3035 2527 3109 2572 lv.
3146 2542 3189 2584 p.
3210 2530 3286 2572 86.

692 2592 914 2640 Krause,
963 2605 1005 2644 p.
1059 2590 1163 2630 290.
1232 2587 1392 2638 Bahr,
1429 2587 1466 2642 §-
1511 2587 1612 2628 197.
1670 2586 1716 2627 Τ.
1772 2585 1829 2626 11.
1883 2599 1924 2640 p.
1960 2585 2034 2626 23.
2104 2584 2156 2625 Η.
2205 2585 2259 2627 Μ.
2310 2585 2686 2637 Vockestaert,
2736 2588 2900 2631 Dissert.
2931 2590 3035 2632 Bist.
3069 2590 3204 2633 Iurid.
3234 2591 3287 2632 de

684 2655 732 2695 L.
778 2652 971 2695 Cornelio
1020 2651 1136 2692 Sulla
1185 2650 1474 2706 Legislatore,
1524 2647 1674 2706 Lugd.
1722 2645 1834 2689 Bac.
1892 2648 2026 2689 1816.
2078 2661 2121 2703 p.
2169 2649 2243 2688 85.
2327 2648 2544 2690 Praeterea
2596 2648 2649 2691 de
2693 2650 2809 2691 Sulla
2860 2652 3115 2708 scripserunt
3165 2653 3290 2694 multi

685 2716 787 2764 alii,
833 2728 1017 2771 quorum
1065 2720 1204 2754 tamen
1251 2712 1376 2753 libros
1423 2711 1592 2752 nomine
1644 2717 1809 2752 tantum
1853 2722 2012 2758 nosco,
2066 2723 2104 2748 v.
2150 2722 2189 2753 c.
2236 2708 2556 2761 Zachariae,
2616 2710 2692 2754 der
2745 2712 2932 2754 Dictator
2978 2714 3024 2755 L.
3071 2714 3288 2759 Cornelius

686 2779 818 2820 Sulla.
871 2774 1074 2818 Heidelb.
1131 2775 1262 2816 1834.
1304 2776 1330 2815 2
1379 2774 1490 2818 Voll.
1538 2773 1600 2815 8⁰.
1678 2772 1823 2814 Alex.
1871 2770 2136 2822 Wittich,
2181 2770 2234 2814 de
2281 2772 2341 2814 rei
2386 2772 2582 2828 publicae
2629 2774 2846 2816 Romanae
2894 2789 2945 2817 ea
2989 2775 3157 2827 forma,
3204 2791 3290 2834 qua

685 2843 730 2883 L.
796 2840 1012 2882 Cornelius
1060 2837 1176 2878 Sulla
1239 2836 1419 2879 dictator
1465 2842 1593 2878 totam
1645 2848 1733 2879 rem
1779 2836 2012 2878 Romanam
2069 2833 2315 2884 ordinibus,
2367 2835 2710 2892 magistratibus,
2760 2837 2941 2879 comitiis
2998 2840 3285 2881 commutavit.

691 2904 883 2960 Lipsiae
937 2901 1073 2943 1834.
1125 2900 1188 2941 8⁰.
1254 2897 1367 2940 Chr.
1415 2899 1468 2940 Η.
1520 2898 1670 2941 Elsne
1685 2912 1719 2949 r,
1770 2897 2008 2939 Dissertatio
2047 2896 2100 2938 de
2142 2897 2395 2950 Quaestione
2440 2899 2680 2955 proposita:
2730 2898 2932 2942 Condicio
2968 2902 3184 2943 Romanae
3231 2902 3291 2949 rei

690 2968 887 3024 publicae
949 2963 1045 3010 vn.
1097 2962 1151 3006 U.
1195 2959 1241 3004 C.
1287 2960 1426 3003 seculo
1478 2961 1534 3002 ita
1582 2958 1868 3010 describatur,
1915 2965 1962 3001 ut
2009 2972 2159 3001 causae
2208 2966 2249 3001 et
2296 2960 2433 3002 exitus
2476 2959 2685 3003 bellorum
2729 2961 2916 3004 civilium
2962 2962 3062 3005 inde
3123 2977 3289 3021 coguo-

685 3037 873 3072 scantur.
919 3024 1248 3084 Stultgartiae
1302 3024 1436 3065 1835.
1495 3024 1558 3064 8⁰.
1597 3023 1642 3063 C.
1691 3021 2014 3071 Ramshorn,
2066 3022 2268 3075 Quaestio
2313 3021 2570 3079 philologica
2620 3022 2672 3065 de
2719 3025 2779 3066 rei
2829 3025 3027 3081 publicae
3073 3027 3291 3069 Romanae

688 3094 856 3141 forma,
913 3104 998 3147 qua
1053 3090 1099 3130 L.
1157 3086 1378 3130 Cornelius
1438 3085 1554 3129 Sulla
1600 3084 1780 3127 dictator
1834 3091 1964 3126 totam
2015 3098 2103 3126 rem
2151 3085 2386 3127 Romanam
2433 3084 2676 3137 ordinibus,
2723 3087 3063 3144 magistratibus,
3113 3089 3292 3137 comitiis

687 3154 976 3196 commutavit.
1009 3151 1201 3208 Lipsiae
1238 3150 1375 3194 1835.
1411 3149 1473 3190 8⁰.

1742 3257 2298 3318 Fratue-itas

1854 3416 1978 3450 Lis.
2046 3416 2114 3450 11.

756 3529 962 3589 (Gellius
995 3527 1047 3570 L.
1085 3527 1123 3570 I.
1159 3542 1194 3571 c.
1234 3528 1307 3570 12.
1345 3523 1438 3584 16.)
1506 3526 1552 3569 L.
1596 3523 1713 3567 Sulla
1756 3524 1914 3566 Rerum
1960 3523 2184 3565 Gestarum
2235 3522 2343 3564 libro
2387 3521 2574 3564 secundo
2611 3523 2669 3564 ita
2717 3523 2904 3579 scripsitt
2962 3524 3008 3565 P.
3051 3521 3288 3575 Cornelius,

691 3597 759 3645 cui
794 3596 979 3651 primum
1013 3604 1249 3648 cognomen
1281 3590 1424 3633 Sullae
1458 3588 1701 3646 impositum
1737 3593 1823 3638 est,
1856 3585 2011 3628 flamen
2046 3586 2171 3628 Dialis
2202 3592 2368 3642 captus.
2743 3589 2746 3592 '

760 3655 961 3726 (Gellius
995 3654 1047 3698 L.
1084 3650 1184 3699 XX.
1219 3668 1255 3697 c.
1292 3654 1336 3697 6.
1374 3651 1437 3711 3.)
1506 3652 1550 3695 L.
1598 3650 1718 3694 Sulla
1765 3650 1921 3694 Rerum
1965 3648 2189 3693 Gestarum
2242 3648 2347 3690 libro
2393 3647 2612 3692 secundo:
2679 3648 2777 3703 Quo
2817 3648 2851 3690 si
2898 3646 2990 3690 fieri
3038 3654 3196 3707 potest,
3244 3656 3291 3699 ut
