3442 4094
1503 105 1571 155 23

232 313 271 357 G
301 250 403 352 08·ιέ
451 242 719 316 Νρὶὠίιη,
769 256 815 299 p.
867 241 1003 284 1186.
1051 238 1325 291 Orollius,
1364 252 1408 296 p.
1443 239 1553 284 468.
1583 237 1683 285 add.
1716 237 1817 286 vot.
1850 239 1903 284 V.
1939 239 1987 282 P.
2019 239 2077 282 11.
2115 252 2159 297 p.
2194 235 2302 282 271.
2334 245 2407 290 et,
2443 239 2519 296 qui
2551 232 2610 281 ibi
2642 240 2826 292 eit-inf,

279 325 370 356 trs
408 318 578 352 ouius.

1267 413 1787 465 Fran-enta

1315 544 1387 604 (N
1383 560 1440 587 on
1462 545 1744 604 supersunt.)

295 690 355 740 De
400 694 570 755 reliquis
616 692 715 738 huc,
744 686 1052 748 pertinentibus
1095 685 1212 728 libris
1251 685 1371 728 locus
1411 686 1604 729 classicus
1652 693 1713 728 est
1758 686 1805 729 in
1848 680 2031 744 Epistola
2074 686 2128 728 ad
2175 688 2264 730 Att.
2300 688 2345 731 L.
2381 688 2416 729 Ι.
2466 685 2538 733 19.
2593 693 2663 732 10.
2707 700 2821 750 quae

232 760 384 820 scripta
429 765 487 801 est
533 756 646 799 Idib.
690 751 844 797 Martiis
891 765 952 812 a.
978 750 1084 793 694.
1153 749 1546 794 Commentarium
1592 748 1871 792 Consulatus
1915 751 2007 792 mei
2050 747 2218 793 Graece
2258 752 2559 808 compositum
2602 755 2715 796 misi
2759 756 2820 797 ad

235 829 310 874 ee,-
356 822 409 865 in
456 834 544 879 quo
583 818 630 860 si
674 813 790 874 quid
835 814 953 866 erit,
988 810 1109 870 quod
1138 810 1318 855 homini
1349 809 1511 854 Attico
1543 814 1700 855 minus
1730 810 1956 856 Graecum
1987 812 2311 872 eruditumque
2348 813 2564 858 videatur
2576 831 2595 866 ‚-
2626 831 2715 859 non
2746 817 2816 859 di-

233 898 333 927 cam
378 881 499 941 quod
542 880 661 930 tibi,
695 884 751 919 ut
783 877 970 934 opinor,
1004 874 1236 917 Panormi
1267 873 1494 916 Lucullus
1524 873 1577 916 de
1608 875 1710 915 suis
1742 874 1963 916 historiis
1995 874 2183 917 dixerat
2192 892 2211 926 3
2244 891 2318 928 se,
2353 891 2439 935 quo
2460 876 2671 935 facilius
2703 879 2820 921 illas

226 946 449 1005 probaret
495 941 696 986 Romani
743 939 946 982 hominis
992 952 1111 990 esse,
1159 935 1334 979 idcirco
1376 936 1578 979 barbara
1610 936 1832 995 quaedam
1864 945 1909 980 et
1939 935 2118 979 σόλοικα
2149 938 2434 997 dispersisse.
2501 939 2645 998 Apud
2674 957 2742 984 me
2775 945 2821 985 si

232 1006 348 1068 quid
376 1007 471 1047 erit
501 1002 755 1055 eiusmodi,
790 1017 860 1044 me
890 999 1180 1059 imprudente
1211 1001 1306 1041 erit
1337 1007 1381 1042 et
1412 1000 1575 1042 invito.
1642 1000 1868 1042 Latinum
1900 1002 1946 1042 si
1970 1000 2233 1059 perfecero,
2268 1002 2332 1044 ad
2360 1011 2403 1044 te
2435 1004 2642 1046 mittam.
2711 1004 2816 1046 Ter-

234 1071 357 1113 tium
384 1069 547 1125 poima
578 1071 854 1124 exspectato,
902 1079 957 1106 ne
988 1061 1110 1121 quod
1133 1076 1282 1121 genus
1314 1077 1343 1104 a
1375 1077 1444 1105 me
1476 1064 1578 1119 ipso
1612 1061 1769 1105 laudis
1799 1077 1924 1105 meae
1952 1066 2379 1120 praetermittatur.
2431 1065 2536 1107 'Hic
2569 1073 2644 1117 tu,
2682 1082 2786 1109 cave
2804 1101 2815 1119 ,

232 1132 390 1181 dicae,
423 1131 490 1177 τίς
524 1128 678 1183 πατέρ’
712 1129 900 1179 αἰνήσεις
933 1127 980 1167 si
1010 1132 1078 1166 est
1111 1127 1234 1167 enim
1265 1124 1391 1181 apud
1420 1124 1623 1167 homines
1653 1124 1930 1184 quidquam,
1976 1126 2098 1183 quod
2117 1129 2281 1184 potius
2311 1131 2403 1177 sit,
2448 1128 2667 1170 laudetur
2678 1146 2698 1179 ,-
2738 1146 2820 1171 nos

234 1196 579 1250 vituperemur,
614 1192 699 1249 qui
729 1204 819 1232 non
846 1189 1006 1246 potius
1037 1187 1140 1230 alia
1175 1186 1424 1230 laudemus.
1478 1185 1770 1246 Quamquam
1801 1203 1891 1230 non
1923 1188 2240 1241 ἐγκωμιαστικά
2275 1198 2383 1233 sunt
2416 1190 2549 1243 haee,
2585 1190 2665 1233 sed
2695 1192 2815 1232 ἱστο-

233 1258 366 1311 ρικὰ,
400 1269 516 1314 quae
546 1253 810 1296 scribimus.
875 1252 955 1294 Hic
986 1251 1121 1307 igitur
1153 1258 1235 1292 tres
1266 1249 1361 1291 libri
1395 1257 1707 1293 memorantur:
1755 1249 2095 1294 Commentarius
2121 1252 2329 1306 Graccus,
2364 1254 2698 1296 Commentarius
2733 1255 2818 1296 La-

230 1319 343 1361 tinus
374 1324 416 1360 et
448 1317 619 1360 Poema.
683 1315 744 1358 De
776 1313 947 1370 singulis
979 1312 1191 1355 videamus
1223 1310 1434 1368 deinceps.

296 1378 360 1438 3.)
413 1380 471 1423 De
519 1377 912 1420 Commentario
967 1374 1179 1417 Graeco
1222 1374 1410 1432 loquitur
1456 1374 1559 1416 item
1594 1374 1636 1415 in
1669 1375 1799 1431 Epist.
1832 1373 1886 1417 ad
1919 1375 2006 1418 Att.
2038 1377 2083 1418 L.
2118 1376 2175 1418 ΙΙ.
2214 1379 2255 1420 1.
2296 1380 2334 1420 1.
2401 1377 2626 1420 Kalendis
2660 1378 2817 1420 Iuniis

238 1441 294 1501 ξε.
330 1442 456 1501 694.]
510 1441 639 1483 eunti
680 1439 804 1481 mihi
847 1438 1054 1479 Antium
1102 1444 1144 1477 et
1188 1436 1484 1494 gladiatores
1515 1436 1582 1478 M.
1619 1437 1801 1477 Metelli
1832 1437 1992 1494 cupide
2025 1438 2309 1496 relinquenti
2341 1442 2465 1481 venit
2499 1440 2677 1482 obviam
2711 1448 2817 1482 tuus

227 1520 361 1562 puer.
440 1504 492 1546 Is
522 1503 646 1544 milti
680 1502 849 1543 literas
894 1500 976 1541 abs
1007 1506 1050 1539 te
1082 1505 1125 1539 et
1159 1499 1549 1541 Commentarium
1580 1498 1847 1539 consulatus
1876 1501 1967 1539 mei
2000 1498 2168 1540 Graece
2199 1504 2429 1557 scriptum
2461 1502 2681 1544 reddidit.
2761 1504 2818 1544 In

232 1582 319 1627 quo
370 1567 573 1612 laetatus
616 1579 718 1607 sum
749 1579 819 1605 me
851 1562 1093 1619 aliquanto
1124 1566 1230 1602 ante
1262 1557 1315 1601 de
1346 1557 1514 1601 iisdem
1546 1558 1679 1601 rebus
1712 1556 1880 1603 Graece
1911 1561 2022 1603 item
2054 1563 2284 1619 scriptum
2318 1562 2492 1607 librum
2524 1563 2577 1606 L.
2615 1566 2820 1608 Cossinio

232 1630 295 1673 ad
326 1637 368 1671 te
392 1625 721 1687 perferendum
752 1624 942 1668 dedisse.
1005 1621 1130 1665 Nam
1149 1654 1162 1674 ,
1196 1623 1241 1663 si
1272 1636 1353 1680 ego
1386 1628 1517 1664 tuum
1549 1629 1654 1664 ante
1689 1621 1902 1681 legissem
1918 1656 1928 1674 ‚
1964 1622 2191 1682 furatum
2223 1641 2292 1668 me
2324 1626 2405 1668 abs
2438 1629 2479 1669 t'e
2511 1643 2602 1668 esse
2634 1627 2818 1671 diceres.

195 1743 200 1750 ¹
234 1692 525 1752 Quamquam
574 1697 656 1733 tua
705 1687 797 1731 illa
828 1712 891 1721 —
926 1686 1022 1745 lego·
1067 1686 1187 1727 enim
1240 1683 1434 1726 libenter
1464 1709 1528 1716 —
1561 1684 1809 1727 horridula
1840 1685 1963 1730 mihi
1994 1694 2131 1746 atque
2164 1689 2396 1747 incompta
2429 1692 2531 1732 visa
2564 1699 2700 1732 eunt.-
2744 1692 2820 1733 sed

234 1765 386 1798 tamen
433 1761 568 1796 erant
617 1759 785 1794 ornata
832 1750 913 1792 hoe
959 1750 1086 1805 ipso,
1122 1746 1241 1804 quod
1271 1754 1539 1789 ornamenta
1570 1747 1900 1806 neglexerant5
1920 1757 1976 1791 ‚et
1995 1783 2005 1800 ,
2040 1759 2092 1793 ut
2125 1751 2369 1804 mulieres,
2405 1753 2503 1795 ideo
2536 1753 2636 1795 bene
2668 1755 2786 1796 olere
2806 1788 2816 1804 ,

233 1819 347 1878 quia
378 1815 508 1860 nibil
539 1814 744 1866 olebant,
781 1811 1070 1856 videbantur.
1150 1808 1283 1853 Meus
1314 1816 1468 1852 autem
1502 1808 1621 1853 liber
1654 1816 1802 1854 totum
1834 1809 2039 1854 Isocrati
2067 1816 2338 1867 μυροθήκιον
2374 1823 2510 1874 atque
2542 1831 2691 1859 omnes
2721 1818 2820 1860 eius

234 1878 572 1937 discipulorum
604 1877 795 1920 arculas
826 1890 879 1918 ac
909 1871 1128 1916 nonnihil
1158 1873 1300 1913 etiam
1334 1871 1620 1915 Aristotelia
1650 1875 1893 1932 pigmenta
1925 1877 2238 1932 consumpsit‚·
2283 1893 2413 1936 quem
2461 1886 2513 1920 tu
2566 1879 2786 1936 Corcyrae
2886 1878 2892 1883 '

231 1950 287 1986 ut
316 1941 439 1983 milui
470 1940 588 1983 aliis
622 1939 781 1981 literis
812 1935 1081 1997 significas,
1116 1936 1328 1976 strictim
1372 1936 1618 1994 attigisti3
1649 1942 1754 1991 post
1796 1943 1978 1988 autem,
2012 1945 2066 1978 ut
2098 1938 2331 1991 arbitror,
2383 1956 2412 1982 a
2463 1941 2670 1983 Cossinio
2701 1913 2818 1984 acce1

228 2007 371 2064 pisti3
404 2019 535 2061 quem
568 2002 660 2045 tibi
692 2016 773 2059 ego
805 2016 895 2042 non
926 2013 1065 2041 essem
1096 2013 1239 2038 ausus
1269 1997 1471 2048 mittere,
1503 1999 1604 2039 nisi
1634 2013 1734 2038 eum
1769 1998 1884 2040 lente
1915 2015 1968 2040 ac
1988 1999 2247 2056 fastidiose
2273 2003 2600 2058 probavissem.
2647 2006 2818 2060 Quam·

233 2083 372 2128 quam
404 2063 467 2108 ad
495 2081 564 2107 me
596 2063 844 2121 rescripsit
875 2061 974 2104 iam
1006 2057 1162 2103 Rhodo
1193 2056 1496 2110 Posidonius,
1531 2074 1600 2111 se,
1635 2066 1847 2103 nostrum
1880 2059 2008 2103 illud
2036 2061 2272 2117 ὑπόμνημα
2306 2081 2447 2123 quum
2482 2065 2663 2125 legeret,
2699 2067 2819 2126 quod

233 2144 315 2189 ego
346 2128 410 2170 ad
438 2141 539 2169 eum
558 2159 570 2178 ,
604 2133 658 2168 ut
691 2126 905 2168 ornatius
936 2122 987 2165 de
1019 2121 1185 2164 iisdem
1216 2121 1350 2164 rebus
1381 2122 1629 2174 scriberet,
1664 2123 1914 2174 miseram,
1948 2137 2038 2166 non
2068 2125 2197 2167 modo
2229 2140 2317 2169 non
2348 2129 2600 2170 excitatum
2632 2144 2723 2171 esse
2755 2130 2817 2172 ad

234 2188 523 2235 scribendum
540 2222 551 2240 ,
603 2187 681 2231 sed
710 2188 852 2230 etiam
879 2185 1020 2244 plane
1052 2183 1344 2227 deterritum.
1414 2183 1541 2242 Quid
1570 2185 1798 2243 quaeris?
1830 2185 2101 2229 conturbavi
2134 2185 2355 2231 Graecam
2387 2191 2634 2234 nationem.
2704 2191 2780 2234 Ita

233 2256 374 2315 vulgo
404 2254 489 2311 qui
520 2251 790 2300 instabant,
824 2257 880 2290 ut
911 2248 1070 2290 darem
1102 2246 1224 2298 sibi,
1260 2245 1381 2304 quod
1411 2255 1654 2298 ornarent,
1703 2250 1800 2289 iam
1832 2248 2038 2290 exhibere
2068 2250 2192 2290 mihi
2221 2253 2483 2294 molestiam
2515 2226 2810 2297 destiterunt:

235 2317 325 2369 Tu,
361 2317 406 2358 si
439 2314 530 2356 tibi
556 2313 792 2371 placuerit
827 2310 968 2362 liber,
1001 2308 1209 2359 curabis,
1244 2315 1299 2348 ut
1331 2315 1375 2348 et
1407 2307 1607 2350 Athenis
1636 2309 1704 2349 sit
1734 2316 1779 2349 et
1810 2310 1861 2350 in
1892 2312 2057 2351 ceteris
2088 2311 2271 2367 oppidis
2305 2312 2538 2358 Graeciae.
2607 2315 2811 2358 Videtur

232 2381 353 2421 enim
378 2392 512 2436 posse
542 2374 731 2434 aliquid
760 2373 938 2415 nostris
969 2370 1105 2413 rebus
1135 2369 1256 2411 lucis
1285 2368 1468 2426 afferre.
1546 2371 1671 2413 Hunc
1702 2373 2050 2413 commentarium
2084 2373 2320 2429 significare
2353 2375 2517 2417 videtur
2561 2378 2810 2421 Plutarchus

230 2444 274 2484 in
318 2442 432 2484 Caes.
480 2456 523 2496 p.
573 2442 680 2481 711.
729 2437 778 2479 B.
811 2436 1056 2479 Ciceronem
1091 2432 1138 2474 ἐν
1172 2434 1232 2485 τῷ
1267 2431 1368 2486 περὶ
1398 2436 1472 2483 τῆς
1508 2432 1742 2480 ‘Tum-elac
1776 2432 1974 2484 laudans,
2010 2442 2050 2476 ct
2096 2436 2174 2477 Dio
2207 2436 2360 2479 Cassius
2392 2439 2436 2480 L.
2472 2435 2619 2483 XLVI.
2656 2455 2694 2483 c.
2732 2444 2807 2483 21.

229 2519 274 2561 p.
309 2504 416 2545 306.
452 2502 500 2545 Δ.
561 2500 616 2555 Q.
647 2499 766 2542 Fusio
798 2497 950 2541 Caleno
999 2494 1104 2538 haec
1153 2495 1262 2537 inter
1310 2494 1391 2536 alia
1439 2493 1654 2537 tribuens:
1704 2493 1983 2549 προθέμενος
2009 2500 2160 2538 πάντα
2193 2498 2246 2537 τὰ
2280 2494 2330 2553 τῇ
2364 2497 2488 2542 πόλει
2523 2501 2811 2557 πεπραγμένα

233 2567 485 2620 συγγράψαι
538 2562 630 2622 (καὶ
678 2561 760 2616 γὰρ
810 2560 1010 2613 σοφιστὴς
1059 2557 1133 2599 καὶ
1178 2558 1359 2610 ποιητὴς
1408 2555 1481 2597 καὶ
1531 2554 1762 2610 φιλόσοφος
1812 2558 1885 2598 καὶ
1935 2559 2071 2613 ῥήτωρ
2105 2559 2178 2600 καὶ
2212 2563 2482 2616 συγγραφεύς
2518 2558 2631 2606 εἶναι
2665 2562 2807 2607 πλάτ-

231 2628 372 2685 τεται)
425 2624 561 2669 ἔπειτ’
609 2623 687 2667 οὐκ
731 2622 818 2665 ἀπὸ
862 2625 937 2675 τῆς
982 2620 1161 2669 κτίσεως>
1204 2617 1366 2671 αὐτῆς,
1414 2617 1554 2674 ὥσπερ
1603 2620 1645 2660 οἱ
1688 2616 1816 2661 ἄλλοι
1863 2620 1905 2661 οἱ
1951 2624 2078 2662 τοῦτο
2124 2626 2380 2676 ποιοῦντες,
2431 2622 2545 2667 ἀλλὰ
2594 2626 2679 2669 (ἐπὸ
2731 2633 2804 2680 τῆς

228 2690 439 2738 ὑπατείας
488 2691 563 2741 τῆς
609 2687 764 2728 ἑαυτοῦ
811 2682 987 2740 ἤρξατο·
1034 2681 1113 2724 ἵνα
1159 2678 1383 2723 ἀνάπαλιν
1434 2682 1700 2738 προχωρῶν,
1735 2680 1874 2738 ἀρχὴν
1921 2683 2001 2735 μὲν
2051 2685 2125 2725 τοῦ
2176 2682 2307 2736 λόγου
2358 2688 2547 2742 ἐκείνην,
2595 2687 2798 2742 τελευτὴν

229 2752 274 2794 δὲ
309 2755 388 2805 τὴν
422 2753 497 2796 τοῦ
530 2746 760 2804 ‘Pmuzllov
793 2744 1020 2804 βασιλείαν
1053 2747 1300 2798 ποιήσηται.

289 2877 393 2925 Οίῖτ..
421 2876 660 2931 Vossius,
693 2874 747 2918 dc
779 2874 884 2920 nist.
917 2872 1095 2917 Graecis
1120 2872 1166 2916 L.
1198 2870 1274 2915 IV.
1308 2883 1346 2913 c.
1385 2872 1457 2914 15.
1522 2870 1788 2924 Nobbius,
1822 2886 1866 2930 p.
1905 2872 2039 2916 1186.
2104 2873 2374 2929 Orelli-us,
2410 2890 2451 2935 p.
2488 2878 2593 2921 567.

1246 2990 1288 3030 1*
1310 3002 1339 3029 r
1361 3002 1393 3028 ι
1417 3002 1448 3037 g
1471 3000 1520 3028 n
1545 2999 1575 3028 e
1600 3001 1634 3027 n
1658 2989 1682 3027 t
1705 3001 1756 3028 a.

1290 3101 1352 3159 (Ν
1356 3117 1411 3142 on
1440 3099 1721 3157 supersunt.)

291 3227 361 3288 4..)
405 3229 625 3272 Lati-nus
666 3234 806 3271 autem
838 3226 1132 3283 Commenta
1149 3224 1275 3278 rius,
1310 3235 1439 3282 quem
1472 3238 1513 3267 se
1546 3222 1942 3280 perfecturum'esse
1973 3219 2218 3276 promiserat
2265 3218 2412 3265 Cicero
2461 3221 2514 3265 ad
2547 3224 2632 3267 Att.
2663 3225 2691 3269 Ι.
2725 3241 2763 3270 c.
2787 3262 2797 3279 ‚

227 3301 367 3338 ulrum
416 3305 605 3351 unquam
650 3290 779 3339 suem
826 3288 1057 3348 paremus,
1107 3294 1224 3331 certo
1272 3301 1357 3330 non
1404 3286 1568 3330 videtur
1615 3298 1731 3342 posse
1777 3283 1891 3344 diei,
1943 3283 2033 3326 eius
2077 3284 2234 3341 quippo
2275 3284 2423 3341 scripti
2467 3299 2675 3345 nusquam
2713 3290 2797 3333 ulla

227 3357 434 3414 reperitur
462 3354 634 3398 mentio.
684 3352 767 3397 Ubi
797 3353 908 3395 enim
940 3351 1085 3395 Cicero
1115 3350 1258 3393 scribit
1289 3349 1340 3392 ad
1373 3349 1585 3393 Att.L.1.-
1608 3349 1683 3392 20.
1715 3349 1758 3390 6.
1825 3346 1895 3390 De
1921 3347 2037 3388 meis
2069 3347 2280 3403 scripti&
2313 3348 2430 3389 ’nin‘
2460 3348 2523 3391 “d
2554 3357 2597 3392 ⁸⁶
2630 3350 2798 3396 Graece

218 3419 478 3479 perfectum
510 3413 808 3461 Consulatum
838 3425 1000 3458 meum.
1068 3408 1194 3457 E'um
1229 3411 1403 3456 librum
1433 3411 1489 3455 L.
1525 3411 1734 3455 Cossinio
1761 3408 1880 3453 dedi.
1956 3408 2081 3452 Puto
2111 3414 2155 3451 te
2187 3408 2380 3453 Latinis
2411 3412 2528 3453 meis
2559 3411 2797 3467 delectari,-

225 3483 333 3526 lnuic
362 3489 517 3525 autem
549 3477 721 3524 Graeco
753 3475 979 3524 Graecum
1009 3475 1228 3522 invidere.
1309 3474 1420 3520 Alii
1452 3475 1497 3518 si
1526 3474 1835 3532 scripserint,
1868 3473 2112 3517 mittemus
2140 3470 2203 3516 ad
2234 3480 2276 3516 te
2292 3490 2309 3524 ,-
2342 3472 2449 3527 sed,
2486 3476 2609 3520 milii
2638 3477 2763 3521 crede
2781 3513 2792 3530 ,

224 3543 373 3588 ,ζωαὶ
401 3552 538 3605 atquo
570 3542 648 3585 hoc
678 3547 890 3583 nostrum
924 3540 1159 3601 legerunt,
1192 3540 1341 3582 nescio
1371 3553 1459 3599 quo
1482 3544 1621 3597 pacto
1649 3536 1974 3593 retardantur,
2007 3534 2135 3578 verba
2167 3536 2243 3578 ista
2276 3535 2471 3580 Latinis
2500 3540 2616 3581 meis
2647 3539 2799 3583 videm·

223 3617 292 3651 tur
319 3607 592 3665 intelligenda
624 3619 707 3649 esse
740 3607 930 3669 universe
962 3604 1014 3646 de
1047 3604 1253 3647 omnibus
1271 3603 1480 3647 Ciceronis
1498 3603 1816 3659 -scriptis,.non
1847 3601 2096 3658 singulatim·
2120 3599 2175 3642 de
2197 3613 2283 3644 uno
2305 3602 2450 3659 aliquo
2477 3606 2807 3648 commentario*
