3442 4094
1882 157 1950 204 4⁰

607 289 747 348 quaet
790 289 1072 345 poseeuione
1118 284 1344 340 uem-pato·
1386 297 1419 324 a
1466 295 1514 329 σε,
1562 279 1649 324 diu
1694 278 1884 322 amussis·
1908 278 2140 339 >gradun
2189 288 2349 337 epatu
2393 285 2617 340 νοοίης,
2656 287 2860 347 eun-plo
2908 285 2977 334 Μ.
3031 285 3220 348 Agrip-

605 368 722 408 pae,
770 353 881 410 qui,
916 349 984 393 M.
1018 346 1245 391 Mareello
1288 344 1352 388 ad
1393 343 1822 401 munes-apullia
1867 341 2086 395 admoto..
2128 341 2388 401 Mitylenae
2429 345 2636 390 abies-ite
2684 351 3102 405 ne-mtobetare,
3135 359 3220 397 aut

616 414 883 462 obtrectare,
904 424 1141 466 praecem,
1176 407 1429 451 videretur.
1476 406 1664 464 Quam.
1688 420 1923 450 caueant
1951 413 2001 450 et
2030 407 2180 464 ipse,
2214 405 2558 465 napum,
2588 409 2874 457 reddidit.
2927 413 3220 461 runcantem

611 475 832 520 honorum
880 471 1175 523 totietatem,
1225 485 1281 514 ασ
1325 469 1531 528 requiem
1578 468 1795 514 latorum
1816 468 2164 527 metendam,
2185 475 2488 524 commeatum
2524 471 2686 529 petiit.
2718 472 2776 516 ita
2804 481 2911 519 sunt
2938 476 3218 535 accipienda,

611 543 660 582 ut
706 534 896 581 Tiberius
942 532 1052 578 nihil
1100 531 1214 578 aliud
1264 544 1440 578 secessu.
1472 531 1674 577 devitasse
1722 543 1794 584 se,
1846 543 1978 591 quam
2025 532 2318 577 aemulationis
2365 544 2475 578 oum,
2509 533 2608 577 Caio
2654 534 2874 594 Lucioque
2906 540 3217 596 suspicionem.

608 598 869 655 intelligatur
928 596 1141 641 confessus
1199 609 1285 640 esse
1346 594 1517 640 tandem
1561 601 1790 639 ‘uansacto
1836 595 2082 639 tribum'tiae
2128 597 2344 653 potestatis
2394 602 2613 654 tempore,
2664 603 2712 639 ut
2755 598 2905 641 scribit
2947 600 3124 654 Sueton.
3175 604 3219 645 in

608 663 703 704 Tib.
749 675 789 704 c.
843 663 919 704 11.
1797 679 1799 681 ’
2304 680 2309 684 ·

672 789 775 833 Cffr.
833 788 1082 841 Vossius,
1150 787 1204 832 de
1266 787 1374 831 Hist.
1436 787 1529 830 Lat.
1589 787 1635 831 L.
1690 787 1728 830 1.
1778 801 1818 829 c.
1872 787 1947 830 24.
2014 785 2311 838 Funccius,
2346 784 2400 831 de
2433 787 2680 832 lmminenti
2712 787 2954 845 Lat.1.ing.
2988 787 3218 834 Senectute

612 870 653 897 e.
704 854 762 897 11.
814 854 853 909 §.
904 853 947 895 2.
995 867 1038 907 p.
1095 852 1169 894 45.
1248 850 1646 901 Westermann,
1698 850 1737 905 §-
1791 850 1866 893 83.
1913 864 1957 905 p.
2011 850 2116 893 276.
2200 849 2400 907 Meyer,
2460 852 2501 908 §-
2554 851 2726 896 CXXII.
2773 866 2816 909 p.
2864 853 2974 897 651.
3052 850 3214 904 Bur,

612 919 650 972 §.
704 917 811 958 225.
854 915 901 958 T.
946 913 1002 956 11.
1052 927 1094 969 p.
1146 913 1253 956 112.
1302 918 1362 955 n0.
1404 912 1475 954 18.
1508 911 1621 967 Aug.
1670 910 1986 962 Weicliert,
2036 911 2245 954 Excursus
2289 912 2342 954 de
2388 913 2569 968 Augusti
2612 914 2758 972 stirpe,
2791 915 2979 958 Poeticcs
3018 914 3217 958 studiosa.

605 980 671 1019 in:
721 978 879 1033 Imper.
925 975 1040 1018 caes.
1084 974 1267 1030 Augusti
1313 974 1470 1028 Script.
1520 975 1661 1030 Reliq.
1708 988 1751 1028 p.
1805 975 1907 1015 105.
1975 972 2086 1014 Add.
2133 972 2430 1024 Ebrbardt,
2479 976 2717 1019 Comment.
2761 977 2814 1019 de
2863 977 3027 1019 Claudii
3060 978 3217 1020 Tiberii

609 1043 652 1081 in
685 1041 920 1081 Literarum
955 1037 1065 1078 stud.
1103 1036 1274 1077 meritis·
1315 1034 1499 1093 Coburg
1529 1037 1672 1078 1753.
1706 1036 1861 1076 citatus
1893 1051 1917 1076 a
1950 1034 2105 1077 Bahrio
2138 1035 2189 1079 Τ.
2220 1035 2255 1077 Ι.
2291 1049 2336 1091 p.
2372 1036 2478 1079 420.
2511 1043 2575 1080 12⁰.
2613 1040 2686 1079 15.

1650 1176 2172 1221 Fragmenta.

669 1312 839 1353 Praeter
896 1307 1146 1351 Suetonium
1215 1321 1339 1349 nemo
1399 1306 1604 1352 Veterum
1662 1305 1818 1351 Tiberii
1878 1305 2036 1349 librum
2095 1307 2358 1350 memoravit.
2426 1306 2537 1350 Fieri
2582 1315 2725 1350 autem
2777 1315 2914 1365 potest
2964 1317 3010 1353 ut
3061 1310 3218 1356 Plinius

605 1373 738 1416 Maior
784 1371 881 1414 inde
928 1369 1139 1428 quaedam
1189 1368 1401 1412 hauserit:
1453 1367 1523 1412 hic
1567 1368 1713 1412 saltem
1762 1369 1872 1411 inter
1920 1370 2168 1425 scriptores,
2220 1368 2445 1427 equibus
2494 1369 2698 1427 profecit,
2748 1370 2790 1413 in
2840 1370 2987 1415 Indice
3034 1373 3130 1416 libri
3173 1376 3215 1417 11

613 1435 779 1492 reponit
840 1434 968 1476 etiam
1025 1432 1246 1474 Tiberium
1314 1431 1557 1481 Caesarem,
1622 1430 1698 1477 sed
1744 1445 1827 1473 non
1874 1430 2018 1473 addito
2064 1432 2236 1473 nomine
2285 1432 2438 1489 operis.
2505 1432 2631 1487 Quod
2680 1433 2713 1473 si
2761 1439 2903 1475 autem
2953 1433 3034 1477 boc
3076 1436 3214 1492 ipsum

606 1498 767 1541 Tiberii
817 1511 920 1554 opus
963 1494 1287 1553 intelligendum
1334 1495 1412 1546 sit,
1461 1494 1647 1550 suspicor
1694 1508 1743 1536 eo
1796 1493 2065 1536 referendum
2112 1508 2196 1536 esse
2238 1494 2353 1552 quod
2407 1495 2567 1537 Plinius
2615 1495 2661 1538 L.
2712 1495 2770 1537 11.
2822 1508 2863 1539 c.
2913 1496 2991 1539 84.
3044 1506 3212 1541 narrat:

607 1561 855 1605 ,nonanus
905 1566 1060 1601 terrae
1108 1558 1332 1602 memoria
1378 1556 1658 1599 mortalium
1707 1558 1872 1599 extitit
1915 1564 2092 1607 motae,
2144 1555 2324 1599 Tiberii
2372 1557 2591 1601 Caesarie
2627 1559 2935 1616 principatu,
2982 1558 3092 1603 XII
3133 1577 3213 1603 ur-

608 1624 741 1666 bibus
790 1621 935 1667 Asiae
983 1634 1078 1664 una
1124 1628 1249 1663 nocte
1289 1622 1571 1678 prostratis.
1636 1620 1739 1665 Veri
1786 1621 1898 1663 enim
1944 1620 2210 1662 simillimum
2249 1627 2309 1663 est
2354 1620 2573 1663 Tiberium
2622 1621 2675 1663 de
2722 1636 2769 1664 ea
2815 1636 2859 1664 re
2908 1623 2954 1664 in
2985 1623 3214 1667 Commen-

607 1688 715 1728 tario
775 1702 850 1727 suo
912 1699 998 1726 esse
1059 1684 1282 1732 locutum,
1345 1690 1391 1724 ut
1447 1684 1608 1724 scilicet
1664 1682 1959 1724 liberalitatem
2014 1696 2133 1724 suam
2184 1689 2317 1738 posset
2366 1682 2553 1726 laudare.
2618 1684 2749 1733 Nam,
2801 1691 2849 1726 ut
2897 1685 3120 1729 Suetonius
3168 1688 3212 1729 in

612 1749 709 1792 Tib.
743 1765 782 1791 c.
820 1749 894 1791 48.
929 1748 1012 1789 ait:
1064 1762 1119 1788 ue
1149 1746 1420 1801 provinciae
1449 1744 1634 1808 quidem
1663 1743 1767 1787 ulla
1802 1743 2092 1788 liberalitate
2121 1743 2404 1789 eublevavie:
2450 1752 2676 1804 excepta
2720 1743 2891 1800 Asia,
2938 1746 3212 1793 disiectis

606 1819 802 1856 terrae
834 1816 985 1852 motu
1018 1806 1396 1851 civitatibus.

1426 1956 1465 2012 S.
1505 1957 1577 1999 11.
1642 1954 1739 1998 Tu·
1774 1954 1989 1999 Cnaumos
2022 1956 2189 1998 Dnusus
2222 1955 2406 2001 cassin.

662 2101 890 2150 Claudius,
953 2100 1166 2156 Caligulae
1228 2097 1472 2152 successor,
1523 2098 1626 2142 teste
1677 2100 1882 2142 Suetonio
1937 2100 1982 2141 in
2028 2098 2178 2143 Claud.
2231 2113 2270 2142 c.
2329 2100 2404 2143 41.
2448 2101 2702 2155 composuit
2750 2107 2795 2142 et
2843 2099 2895 2143 de
2942 2099 3065 2145 Vita
3110 2100 3206 2146 Sua

577 2172 697 2208 -octo
756 2162 1022 2214 volumina,
1087 2162 1247 2220 magis
1311 2163 1460 2219 inepte
1525 2176 1667 2219 quam
1726 2161 2053 2220 ineleganter.-
2096 2160 2150 2204 de
2203 2160 2360 2219 quibus
2405 2174 2540 2219 quum
2587 2162 2835 2219 ceteroquin
2887 2164 3022 2206 omnis
3069 2170 3206 2207 taceat

596 2228 867 2283 Antiquitas,
917 2224 1149 2267 admodum
1197 2238 1350 2280 operae
1402 2225 1585 2280 pretium
1631 2223 1798 2265 videtur
1838 2224 2079 2279 diligentius
2128 2224 2367 2281 inquirere,
2417 2237 2505 2280 quo
2548 2224 2886 2270 modonnicum
2916 2225 3049 2276 illud,
3084 2227 3201 2283 quod

597 2289 833 2339 habemus,
883 2286 1206 2343 intelligendum
1256 2286 1307 2327 sit
1355 2287 1659 2329 testimonium.
1726 2285 1775 2328 ld
1826 2292 1972 2329 autem
2022 2284 2126 2327 mihi
2175 2284 2349 2343 quidem
2396 2298 2481 2328 non
2529 2286 2680 2329 melius
2727 2286 2924 2343 explicari
2976 2301 3093 2343 posse
3142 2289 3202 2330 vi-

594 2352 748 2398 detur.
814 2364 943 2408 quam
1008 2351 1040 2391 si
1102 2350 1506 2400 memoraverimus,
1567 2348 1705 2407 qualis
1766 2348 1844 2390 iste
1896 2348 1955 2389 vir
2002 2348 2157 2399 ruerit,
2205 2348 2282 2405 qui
2330 2349 2491 2406 magis
2534 2349 2687 2405 inepte
2734 2363 2875 2406 quam
2916 2349 3204 2409 ineleganter

595 2415 801 2471 scripsisse
861 2412 1029 2454 dicitur.
1112 2413 1221 2453 Tum
1280 2414 1392 2453 enim
1454 2411 1699 2468 apparebit,
1750 2412 1859 2452 sicut
1904 2411 2077 2466 opinor,
2127 2409 2352 2453 Claudium
2401 2411 2445 2452 in
2496 2409 2610 2454 bisce
2653 2411 2814 2467 scriptis
2861 2413 3092 2468 perfectam
3141 2415 3204 2455 sui

595 2478 837 2533 expressisse
884 2476 1138 2532 imaginem,
1190 2474 1230 2516 id
1280 2482 1364 2525 est,
1415 2475 1541 2516 fuisse
1586 2475 1725 2530 ipsum
1771 2473 1989 2515 bominem
2032 2476 2253 2530 ineptum,
2304 2481 2518 2516 carentem
2566 2474 2682 2516 omni
2724 2474 2909 2530 ingenua
2951 2475 3200 2535 liberalique

596 2540 765 2588 indole,
828 2538 1080 2581 destitutum
1136 2545 1225 2581 arte
1286 2545 1328 2580 et
1387 2538 1536 2593 peritia
1589 2536 1641 2579 ad
1695 2536 1993 2593 imperandum
2053 2537 2308 2588 necessaria,
2359 2535 2488 2580 verbo
2539 2537 2764 2594 indignum
2811 2538 2885 2595 qui
2931 2538 3202 2597 Imperatoris

596 2617 752 2647 munus
816 2602 1049 2645 obtineret:
1116 2602 1241 2644 fuisse
1302 2608 1443 2643 tamen
1503 2601 1630 2643 simul
1695 2614 1779 2642 non
1834 2601 2145 2658 inelegantem,
2203 2600 2300 2642 satis
2361 2599 2577 2644 eruditum
2642 2599 2887 2643 liberalibus
2943 2601 3200 2660 disciplinis,

597 2669 771 2708 doctum
806 2673 895 2705 arte
929 2666 1160 2713 scribendi,
1196 2665 1323 2705 verbo
1358 2665 1537 2720 dignum
1573 2665 1649 2721 qui
1683 2666 1726 2704 iu
1761 2666 1891 2705 literis
1924 2665 2172 2707 elaboraret.
2647 2702 2674 2709 .,

667 2731 744 2770 Per
783 2741 930 2769 somne
990 2729 1149 2769 scilicet
1208 2728 1297 2768 sere
1353 2727 1560 2783 pueritiae
1624 2733 1754 2784 atque
1810 2726 2120 2768 adolescentiae
2175 2733 2368 2782 tempus.
2418 2734 2465 2768 ut
2512 2726 2733 2769 Suetonius
2775 2734 2914 2768 narrat
2960 2728 3002 2768 in
3047 2728 3198 2772 Claud.

591 2808 631 2834 c.
671 2795 690 2832 1
739 2805 833 2848 sqq.
885 2798 927 2831 et
979 2791 1057 2830 Dio
1104 2790 1262 2831 Cassius
1310 2791 1354 2831 L.
1406 2791 1491 2831 LX.
1536 2804 1575 2830 c.
1626 2791 1670 2831 2.
1723 2804 1763 2844 p.
1807 2790 1916 2831 665.
1962 2789 2010 2830 Β.
2081 2790 2200 2831 variis
2246 2797 2289 2831 et
2334 2788 2555 2831 tenacibus
2599 2788 2755 2832 morbis
2797 2789 3064 2837 conflictatus
3111 2800 3198 2834 est:

591 2854 887 2911 laboravitque
933 2859 1114 2893 tremore
1159 2851 1307 2907 capitis
1355 2858 1397 2893 et
1443 2866 1675 2901 manuum,
1725 2858 1768 2893 et
1818 2865 1919 2893 voce
1973 2858 2190 2907 praeterea
2239 2850 2350 2894 male
2395 2849 2575 2904 affectu
2625 2865 2734 2909 quae
2778 2851 2856 2909 ipsi
2905 2853 3033 2896 etiam
3076 2852 3201 2896 dein-

593 2933 693 2973 ceps
737 2917 821 2959 suit
869 2913 1205 2971 impedimento,
1255 2915 1484 2971 quominus
1526 2929 1601 2963 ea,
1646 2913 1701 2957 de
1746 2913 1904 2971 quibus
1946 2913 1991 2957 in
2032 2914 2194 2958 Senatu
2228 2914 2430 2966 referret,
2464 2913 2552 2971 ipse
2584 2915 2906 2971 pronuntiaret,
2940 2914 3198 2975 debuitque,

593 2992 856 3038 quamquam
909 2991 1102 3034 praesens
1144 2977 1257 3033 ipse.
1310 2975 1525 3019 recitanda
1572 2975 1673 3018 dare
1718 2976 1946 3033 quaestori.
2009 2976 2048 3019 A
2092 2977 2227 3020 Druso
2273 2982 2393 3033 patre
2430 2976 2568 3019 infans
2599 2977 2793 3029 relictus,
2829 2977 2905 3021 diu
2934 2991 3034 3020 cum
3066 2986 3200 3022 matre

592 3050 635 3085 et
679 3043 771 3084 avia
818 3046 1004 3083 versatus
1051 3045 1136 3091 est;
1184 3052 1369 3097 quarum
1416 3039 1547 3085 altera
1587 3044 1856 3095 portentum
1903 3052 2005 3080 eum
2048 3038 2276 3091 hominis,
2325 3037 2571 3090 dictitabat,
2621 3053 2699 3082 nee
2740 3039 3005 3083 ahsolutum
3041 3056 3072 3083 a
3112 3057 3200 3083 na-

593 3114 733 3154 tura,
795 3103 874 3145 sed
933 3110 1121 3144 tantum
1185 3101 1487 3143 inchoatum.-
1544 3114 1621 3151 ac,
1679 3102 1713 3141 si
1760 3115 1889 3158 quem
1940 3101 2156 3143 socordiae
2202 3109 2423 3158 argueret,
2469 3101 2739 3145 eeuteiorem
2782 3103 2923 3145 aiebat
2956 3102 3072 3160 filio
3119 3120 3200 3153 auo

593 3166 803 3212 Claudio.
884 3165 990 3207 Avia
1048 3171 1191 3206 autem
1256 3164 1392 3220 ipsum
1455 3178 1532 3220 pro
1587 3162 1899 3219 despectissimo
1956 3176 2121 3219 semper
2169 3161 2343 3215 habuit,
2391 3179 2476 3206 non
2519 3163 2663 3216 affari,
2710 3164 2786 3207 nisi
2833 3166 3063 3219 rarissime,
3115 3181 3201 3210 non

590 3244 788 3282 monere,
837 3228 916 3272 nisi
962 3227 1119 3271 acerbo
1170 3233 1212 3271 et
1259 3225 1374 3270 brevi
1423 3226 1579 3284 scripto
1624 3233 1698 3269 aut
1750 3239 1825 3282 per
1866 3227 2175 3279 internuntios,
2219 3227 2353 3272 solita.
2422 3228 2474 3272 Et
2523 3241 2638 3272 soror
2679 3227 2849 3281 [ivilla.
2898 3242 3033 3287 quum
3078 3230 3200 3273 audi-

593 3298 713 3337 visset
746 3307 846 3336 eum
879 3290 1141 3350 quandoque
1174 3292 1512 3348 imperaturum,
1548 3297 1634 3332 tam
1664 3290 1855 3348 iniquam
1885 3297 1927 3332 et
1959 3297 2044 3332 tam
2077 3289 2296 3348 indignam
2343 3297 2498 3335 sortem
2545 3291 2727 3335 Romani
2773 3291 2919 3349 populi
2971 3293 3110 3350 palam
3160 3301 3200 3336 et

590 3361 702 3402 clare
750 3357 951 3399 detestata
998 3363 1072 3398 est.
1139 3355 1282 3411 Igitur
1324 3356 1436 3397 inter
1474 3353 1656 3396 multum
1703 3354 1897 3396 timorem
1947 3369 1971 3395 a
2016 3353 2185 3397 seminis
2229 3354 2459 3406 educatus,
2509 3361 2551 3397 et
2596 3351 2702 3399 nihil
2748 3353 2906 3399 liabens
2946 3356 2990 3400 in
3022 3371 3064 3401 se
3106 3372 3199 3402 vere

590 3423 798 3469 liberum,
861 3420 1003 3461 animo
1050 3419 1173 3461 simul
1218 3426 1260 3461 et
1308 3431 1487 3475 corpore
1540 3415 1761 3467 hebetato,
1819 3432 1871 3459 ne
1923 3431 2139 3474 progressa
2181 3418 2357 3476 quidem
2404 3424 2565 3469 aetate,
2617 3418 2691 3461 ulli
2732 3418 2904 3475 publico
2951 3420 3199 3479 privatoque

590 3483 762 3528 muneri
812 3480 961 3524 habilis
1008 3482 1266 3524 existimatus
1320 3488 1396 3524 est.
1479 3480 1592 3537 Ergo
1640 3481 1798 3536 petenti
1844 3479 2051 3531 honores,
2101 3480 2293 3525 Tiberius
2336 3488 2510 3537 patruus
2551 3481 2786 3525 consularia
2836 3493 3080 3526 ornamenta
3124 3485 3198 3527 de-

595 3550 721 3590 tulit:
757 3553 801 3589 et
833 3558 969 3603 quum
1023 3558 1116 3586 mox
1164 3545 1383 3586 instantius
1427 3543 1661 3599 flagitaret,
1708 3543 1751 3585 id
1782 3544 1915 3585 solum
1946 3542 2154 3586 codicillis
2179 3544 2388 3599 rescripsit
2416 3544 2632 3594 Tiberius,
2670 3543 3005 3603 Quadraginta
3038 3561 3203 3591 aureos

588 3614 647 3656 in
690 3607 977 3654 Saturnalia
1022 3614 1065 3649 et
1114 3604 1382 3666 Sigillaria
1427 3606 1615 3649 misine
1663 3607 1719 3649 ei.
1785 3606 1904 3649 Tunc
1949 3605 2150 3658 demum,
2195 3607 2252 3649 ait
2293 3607 2467 3651 Sueten.
2502 3606 2547 3649 in
2579 3605 2728 3652 Claud.
2770 3621 2808 3650 c.
2846 3610 2888 3650 5.
2927 3608 3088 3653 abiecta
3123 3626 3196 3669 spe

595 3674 841 3730 dignitatis,
886 3672 939 3713 ad
979 3671 1113 3712 otium
1149 3672 1381 3721 concessit,
1428 3670 1555 3713 modo
1604 3672 1647 3711 in
1697 3668 1854 3720 bortis,
1905 3677 1946 3711 et
1975 3670 2221 3712 suburbana
2271 3670 2429 3722 domo,
2479 3670 2605 3711 modo
2637 3672 2682 3712 in
2717 3670 2973 3727 Campaniae
3012 3687 3196 3726 secessu,
