3442 4094
1817 97 1886 146 34

542 234 710 294 abique
755 246 1003 277 armorum
1043 231 1219 289 floron·
1266 230 1499 271 '‘⁶0¹¹'‘ssss
1544 229 1618 271 ’1'8
1663 225 1870 286 legibue,
1920 226 2119 270 τ’νᾶὅθὸίδ
2164 230 2455 281 ΜΟΝΙΜ,
2507 235 2694 277 nutui
2717 236 2948 279 παίουσα
2962 251 2977 286 ,-
3010 235 3159 292 impe-

543 300 676 342 rium
732 298 1113 357 magistratuum
1171 290 1235 335 ad
1280 292 1550 348 pristinum
1601 288 1839 333 redactum
1884 288 2071 334 modum
2083 304 2103 342 ‚·
2153 289 2471 335 tantummodo
2492 316 2495 319 <
2519 294 2615 337 ocio
2655 298 2961 354 praetorib„
3003 295 3164 342 allecti

546 360 665 414 ἄπιος
724 362 883 419 prisea
945 357 1040 400 illa
1092 362 1136 397 et
1197 355 1401 413 antiqua
1461 355 1534 397 rei
1584 352 1802 412 publicae
1851 353 2021 413 forma
2081 361 2315 398 renovata.
2382 353 2546 399 Rediit
2594 358 2753 402 euleu
2799 364 2964 420 agris,
3013 363 3164 405 saeris

546 425 711 477 Itonos,
750 422 989 465 securitas
1038 417 1306 461 hominibus
1321 449 1333 469 ,
1383 423 1510 460 ceria
1561 417 1725 476 cuique
1768 430 1929 460 rerum
1976 430 2173 461 suarum
2206 419 2464 476 possessio,·
2499 417 2623 477 leges
2653 421 2915 467 emendatae
2947 424 3163 476 utiliter,

554 487 677 532 latae
719 483 982 527 salubriter
993 498 1010 535 ,-
1062 487 1250 525 senatus
1297 481 1397 523 sine
1445 481 1704 539 asperitate
1749 494 1827 523 neo
1878 481 1978 525 sine
2028 481 2274 526 severitate
2320 480 2476 526 lectus.

613 552 724 592 Haec
783 548 929 589 omnia
989 546 1206 604 praeclare
1256 550 1372 601 gesta
1421 545 1454 586 si
1501 545 1688 600 cogites,
1737 542 1950 602 addasque
1999 543 2111 587 bella
2158 550 2200 586 et
2248 546 2443 588 victorias
2490 543 2546 586 ab
2591 541 2676 586 boc
2718 544 2973 602 imperatore
3020 564 3167 607 repor-

549 619 679 660 tatas,
739 616 1032 667 pacatumque
1094 607 1284 651 victoriis
1331 613 1536 649 terrarum
1586 605 1734 649 orbern
1786 613 1828 649 et
1871 607 2095 663 innumera
2145 613 2258 651 extra
2305 607 2471 650 Italiam
2522 605 2725 664 domique
2771 614 2986 652 exstructa
3042 626 3169 669 opera

549 673 753 731 publica,
817 672 1067 730 Urbemque
1125 684 1204 728 pro
1266 670 1484 713 maiestate
1529 670 1695 726 imperii
1745 676 1963 722 ornatam,
2015 677 2064 712 ut
2102 669 2196 711 iure
2244 670 2296 713 sit
2341 671 2565 726 gloriatus,
2616 684 2892 713 marmoream
2939 686 2984 714 se
3032 675 3168 716 relin-

552 749 716 794 quere,
763 735 907 793 quam‘
930 733 1157 776 lateritiam
1192 733 1448 789 accepisset,
1483 739 1530 775 ut
1562 730 1708 774 scribit
1754 732 1931 774 Sueton.
1982 732 2027 773 in
2076 731 2191 789 Aug.
2225 744 2264 775 c.
2315 733 2391 775 28.
2441 732 2549 775 baec
2597 731 2731 789 igitur
2777 733 2809 774 si
2858 734 3042 791 cogites,
3094 748 3170 777 ue·

548 813 662 841 cesse
710 799 818 848 erit,
869 798 1046 853 opinor,
1115 796 1285 838 fatearis
1330 802 1487 837 tantam
1537 796 1661 837 fuisse
1706 794 1900 852 Augusto
1949 793 2163 836 scribendi
2207 795 2428 837 materiam
2486 802 2533 837 ut
2583 808 2631 836 ea
2678 797 2817 837 omnia
2875 797 2985 838 iusto
3042 809 3170 855 opere

550 862 616 903 vix
651 860 863 916 potuerint
896 859 1093 915 exprimi.
2358 877 2360 879 ’

611 922 945 967 Commentarios
989 929 1134 964 autem
1185 920 1369 976 Augusti
1422 920 1550 963 fuisse
1598 920 1775 971 Latino,
1829 934 1914 962 non
1960 918 2150 970 Graeco,
2200 932 2393 961 sermone
2441 921 2724 977 conscriptos,
2773 920 2974 977 suspicari
3020 920 3171 967 licebat

551 1001 600 1030 ex
651 985 886 1038 Suetonio,
937 985 1013 1043 qui
1061 989 1204 1027 narrat
1254 984 1503 1041 Augustum
1553 981 1658 1026 nihil
1702 997 1894 1040 unquam
1941 982 2107 1026 Graece
2147 996 2404 1038 componere
2436 997 2524 1026 esse
2555 998 2719 1027 ausum.
2784 981 2855 1027 Ne
2887 982 3173 1028 Graecarum

551 1048 762 1110 quidem,
814 1047 982 1106 inquit,
1035 1046 1079 1090 in
1134 1045 1248 1104 Aug.
1296 1059 1336 1090 c.
1394 1046 1468 1090 89.
1520 1045 1890 1104 disciplinarum
1937 1045 2106 1089 leviore
2150 1043 2307 1089 studio
2355 1043 2621 1089 tenebatur.-
2664 1047 2717 1089 in
2763 1046 2941 1105 quihus*
2975 1055 3019 1091 et
3051 1049 3174 1107 ipsis

545 1111 823 1171 praestabat
883 1110 1123 1169 largiter,
1177 1111 1419 1169 magistro
1468 1109 1652 1152 dicendi
1698 1124 1813 1151 usus
1858 1107 2172 1167 Apollodoro,
2223 1108 2540 1170 Pergameno,
2591 1123 2750 1169 quern,
2802 1111 2902 1153 iam
2941 1111 3173 1170 grandem

551 1184 697 1225 natu,
748 1172 1061 1230 Apolloniam
1113 1186 1286 1230 quoque
1345 1186 1498 1212 seeum
1553 1173 1611 1214 ab
1675 1172 1822 1222 Urbe,
1892 1173 2074 1214 iuvenis
2122 1170 2295 1223 adhuc,
2343 1172 2582 1215 eduxerat.
2665 1171 2844 1214 Deinde
2889 1174 3169 1228 eruditione,

552 1239 696 1281 etiam
753 1237 921 1288 varia,
973 1234 1180 1292 repletus
1229 1240 1298 1276 eet
1343 1250 1434 1291 per
1481 1232 1602 1278 Arei
1648 1234 1946 1293 philosophi,
1984 1235 2296 1294 filiorumque
2339 1237 2464 1286 eius,
2515 1234 2741 1293 Dionysii
2786 1243 2830 1277 et
2884 1235 3171 1292 Nicanoris,

552 1299 900 1344 contubernium
922 1315 937 1339 .·
979 1307 1075 1341 ‘non
1143 1305 1325 1348 tamen,
1395 1305 1449 1338 nt
1512 1305 1597 1340 aut
1658 1299 1924 1357 loqueretur
1986 1298 2214 1356 expedite,
2274 1305 2358 1341 aut
2409 1313 2669 1356 componere
2717 1298 2910 1357 aliquid
2970 1299 3173 1345 auderes.

550 1361 677 1407 Nam
730 1369 798 1413 et,
851 1363 896 1403 si
947 1360 1064 1419 quid
1114 1375 1188 1402 res
1235 1361 1473 1418 exigeret,
1526 1360 1696 1403 Latine
1735 1360 2010 1418 formabat,
2057 1359 2410 1419 vertendumque
2456 1360 2552 1403 alii
2597 1360 2753 1403 dahas.
2821 1361 2905 1404 Sed
2954 1362 3174 1405 manifeste

553 1425 661 1468 illud
712 1431 887 1481 apparet
932 1438 981 1466 cx
1026 1423 1188 1474 Plinio,
1239 1422 1314 1481 qui
1366 1422 1523 1465 illustre
1572 1422 1703 1465 habet
1755 1437 1802 1465 ex
1838 1437 1888 1465 eo
1925 1438 2050 1481 opere
2082 1423 2390 1480 fragmentum.
2455 1423 2729 1481 Quamquam
2762 1430 2904 1467 autem
2935 1425 2968 1467 is
2999 1423 3174 1483 quidem

556 1502 640 1529 non
702 1487 808 1528 dicit
874 1500 960 1527 esse
1022 1500 1071 1527 ex
1131 1485 1247 1526 libris
1311 1484 1365 1525 de
1425 1486 1548 1536 Vita,
1610 1494 1753 1527 tamen
1805 1498 1891 1527 non
1947 1485 2118 1528 aliunde
2166 1484 2360 1544 depromi
2405 1486 2696 1545 cognoscimus
2740 1499 2788 1529 ex
2839 1486 2977 1531 verbis
3027 1486 3174 1531 Baebii

553 1552 683 1594 Macri
744 1549 858 1606 apud
921 1550 1117 1591 Servium
1181 1546 1233 1590 ad
1294 1547 1452 1605 Virgil.
1507 1549 1599 1592 Ecl.
1659 1549 1736 1591 lx.
1788 1551 1861 1592 47.
1912 1551 2009 1606 qui,
2061 1548 2253 1592 eamdem
2304 1563 2394 1592 rem
2442 1562 2637 1601 narrans,
2686 1549 2827 1592 addit:
2895 1549 2989 1593 Hoc
3030 1552 3174 1594 etiam

555 1611 806 1672 Augustus
840 1614 891 1653 in
928 1611 1050 1652 libro
1083 1609 1272 1652 secundo
1305 1609 1357 1651 de
1388 1613 1614 1653 memoria
1648 1609 1701 1656 V
1698 1613 1794 1653 itae
1826 1626 1934 1653 suae
1966 1612 2227 1668 complevus
2258 1618 2342 1655 est.

614 1733 717 1778 Cffr.
770 1733 1012 1784 Vossius,
1064 1731 1117 1775 de
1165 1732 1271 1775 Hist.
1328 1731 1417 1776 Lat.
1466 1732 1513 1778 L.
1560 1732 1598 1776 1.
1648 1746 1688 1775 c.
1749 1734 1820 1775 18.
1889 1731 2184 1782 Funccius,
2233 1730 2286 1774 de
2331 1731 2456 1776 Virili
2497 1739 2634 1774 aetate
2667 1732 2714 1775 L.
2749 1733 2794 1774 L.
2829 1733 2952 1774 Parte
2985 1734 3020 1775 1.
3057 1749 3095 1775 c.
3130 1735 3172 1775 2.

557 1799 595 1853 §.
650 1798 722 1838 18.
771 1811 814 1852 p.
866 1796 971 1838 154.
1037 1795 1454 1846 Westormann,
1505 1796 1546 1852 ς.
1598 1795 1673 1838 83.
1724 1809 1768 1855 ρ.
1815 1795 1921 1837 276.
1987 1795 2182 1852 Meyer,
2238 1794 2278 1851 S.
2325 1793 2479 1839 cvm.
2525 1809 2566 1851 p.
2611 1795 2719 1836 515.
2783 1794 2944 1847 Bahr,
2990 1797 3030 1852 §.
3064 1797 3170 1839 216.

553 1860 602 1903 Τ.
655 1860 715 1902 11.
762 1873 808 1914 p.
862 1859 939 1900 83.
1006 1859 1246 1908 Heeren,
1300 1857 1354 1899 de
1407 1858 1578 1900 Fontib.
1624 1865 1666 1899 ct
1714 1865 1875 1899 auctor.
1927 1858 1999 1899 vit.
2049 1857 2198 1913 parall.
2249 1857 2363 1899 Plut.
2414 1870 2456 1912 p.
2507 1858 2612 1898 147.
2663 1858 2770 1897 175.
2820 1858 2909 1898 178
2957 1872 3018 1915 sq.
3067 1860 3174 1901 183.

559 1923 663 1965 186.
759 1922 866 1964 Ian.
919 1921 1264 1978 Rutgersius,
1327 1919 1496 1965 Variar.
1547 1920 1682 1963 Lectt.
1729 1919 1842 1963 Libri
1894 1933 1977 1963 sex.
2026 1917 2181 1979 Lugd.
2228 1916 2338 1962 Bar.
2393 1919 2532 1962 1618.
2584 1919 2645 1961 40.
2714 1918 2760 1962 L.
2804 1920 2863 1963 11.
2919 1934 2958 1963 c.
3005 1921 3079 1964 14.
3130 1936 3172 1978 p.

561 1987 666 2029 158.
714 2000 809 2044 sqq.
879 1986 951 2027 Io.
1000 1984 1116 2027 Alb.
1172 1983 1480 2034 Fabricius,
1532 1984 1645 2041 Imp.
1694 1983 1808 2026 Caes.
1858 1983 2043 2041 Augusti
2088 1984 2345 2038 Temporum
2391 1983 2580 2035 notatio,
2628 1997 2785 2040 genus,
2837 1989 2879 2026 ct
2920 1984 3175 2042 scriptorum

557 2050 827 2105 Fragmenta.
893 2047 1166 2106 Hamburgi
1230 2049 1368 2089 1727.
1440 2049 1501 2088 4⁰.
1561 2062 1606 2103 p.
1676 2048 1778 2089 190.
1860 2047 1907 2089 C.
1953 2047 2030 2089 W.
2078 2046 2141 2089 de
2188 2044 2389 2096 Rhoer,
2439 2046 2604 2088 Dissert.
2664 2045 2874 2103 Philolog.
2922 2045 2975 2088 de
3017 2047 3178 2089 Studiis

558 2111 752 2154 literariis
797 2110 980 2153 Caesaris
1025 2110 1222 2167 Augusti.
1273 2107 1544 2167 Groningae
1595 2111 1733 2155 1770.
1777 2111 1840 2153 40.
1905 2110 2036 2165 Aug.
2081 2107 2401 2159 Weichert,
2448 2109 2720 2164 Imperatoris
2761 2108 2944 2151 Caesaris
2996 2111 3176 2166 Augusti

564 2173 833 2231 Scriptorum
867 2173 1109 2230 Reliquiae.
1147 2170 1342 2216 Grimae
1380 2172 1512 2215 1841.
1551 2172 1610 2215 4⁰.
2858 2167 2863 2169 ’

1605 2294 2127 2340 Fragmenta.

1731 2400 1992 2434 L12.11.

633 2486 851 2546 (Plinius
899 2486 1026 2532 Hist.
1070 2485 1186 2532 Nat.
1231 2488 1285 2532 L.
1336 2487 1404 2531 II.
1453 2503 1489 2532 o.
1535 2490 1611 2533 25.
1662 2486 1827 2547 (23.)).
1895 2489 2086 2533 Cometes
2127 2491 2171 2532 in
2212 2503 2299 2533 uno
2332 2489 2461 2531 totius
2494 2487 2607 2532 orbis
2638 2488 2732 2531 loco
2764 2485 2916 2531 colitur
2942 2488 2985 2529 in
3018 2489 3177 2545 templo

567 2553 761 2602 Romae,
812 2550 1044 2593 admodum
1095 2552 1253 2593 faustus
1298 2551 1403 2594 Divo
1450 2553 1641 2609 Augusto
1689 2553 1901 2595 iudicatus
1946 2553 2000 2595 ab
2052 2554 2166 2610 ipso:
2217 2553 2292 2611 qui
2323 2552 2555 2610 incipiente
2586 2564 2637 2592 eo
2670 2552 2865 2608 apparuit
2898 2549 3038 2604 ludis,
3072 2565 3178 2609 quos

566 2613 754 2655 faciebat
817 2614 970 2657 Veneri
1028 2614 1270 2665 Genetrici,
1330 2629 1414 2655 non
1462 2615 1599 2657 multo
1647 2623 1740 2671 post
1795 2615 1959 2658 obitum
2010 2617 2141 2673 patris
2187 2616 2393 2666 Caesaris,
2441 2616 2487 2656 in
2536 2614 2723 2672 Collegio
2771 2615 2825 2656 ab
2875 2627 2925 2656 eo
2972 2613 3177 2658 instituto.

568 2677 765 2733 Namque
815 2674 878 2716 his
930 2675 1060 2718 verbis
1109 2676 1152 2718 id
1199 2676 1404 2734 gaudium
1453 2677 1661 2734 prodidit:
1730 2678 1803 2720 Iis
1854 2679 1977 2735 ipsis
2027 2677 2242 2721 ludorum
2290 2691 2497 2720 meorum
2545 2675 2703 2719 diebus
2757 2676 2888 2719 sidus
2949 2676 3179 2719 crinitum

562 2755 654 2795 per
700 2745 872 2796 septem
919 2737 1017 2780 dies
1065 2741 1116 2781 in
1162 2742 1348 2798 regione
1397 2741 1535 2791 coeli,
1589 2757 1702 2799 quae
1747 2742 1830 2783 sub
1878 2742 2286 2799 septemtrionibus
2332 2748 2424 2792 ece,
2474 2747 2771 2797 conspectum.
2839 2739 2900 2782 Id
2940 2740 3180 2781 oriebatur

568 2802 698 2844 circa
754 2799 1044 2843 undecimam
1103 2802 1265 2845 horam
1308 2801 1429 2854 diei,
1470 2802 1739 2863 clarumque
1790 2812 1832 2845 ee
1878 2805 2089 2846 omnihus
2131 2820 2152 2846 e
2196 2805 2344 2846 terris
2390 2804 2681 2861 conspicuum
2719 2802 2844 2862 fuit.
2911 2801 2986 2843 Eo
3031 2802 3180 2844 sidere

571 2863 851 2924 significari
895 2863 1068 2922 vulgus
1114 2865 1340 2917 credidit,
1389 2866 1605 2909 Caesaris
1648 2869 1856 2909 animam
1905 2869 2032 2909 inter
2067 2867 2275 2910 Deorum
2309 2865 2656 2909 immortalium
2694 2868 2889 2908 numina
2925 2872 3179 2920 receptam:

571 2942 659 2988 quo
699 2929 882 2971 nomine
924 2926 981 2971 id
1018 2928 1207 2987 insigne
1250 2928 1504 2973 simulacro
1536 2930 1711 2987 capitis
1743 2929 1867 2982 eius,
1901 2928 2021 2989 quod
2050 2944 2158 2974 moa·
2189 2930 2242 2974 in
2263 2927 2380 2989 soro
2410 2929 2797 2981 consecravimus,
2832 2926 3063 2972 adiectum
3096 2934 3177 2971 ese.

569 2992 687 3035 Haec
745 2992 816 3034 ille
864 2991 908 3033 in
963 2991 1211 3049 publicum,
1260 2992 1458 3035 interiore
1509 2992 1666 3051 gaudio
1708 2990 1786 3036 sibi
1833 2993 1958 3037 illum
2005 3000 2180 3047 natum,
2231 3004 2360 3052 seque
2405 2994 2449 3037 in
2497 3006 2547 3036 co
2592 2993 2706 3037 nasci
2748 2993 3047 3049 interpretatus
3091 2998 3177 3034 est:

569 3063 637 3106 et,
673 3057 707 3095 si
741 3068 887 3096 verum
922 3055 1136 3106 fatemur,
1170 3055 1351 3096 salutare
1383 3055 1426 3096 id
1461 3058 1581 3097 terris
1613 3056 1710 3099 ruit.

638 3115 850 3175 (Servius
905 3117 968 3158 ad
1013 3116 1203 3176 Virgil.
1250 3117 1358 3160 Ecl.
1402 3117 1489 3160 IX.
1534 3117 1630 3176 47.)
1698 3119 1843 3172 Quum
1896 3119 2111 3176 Augustus
2157 3118 2307 3162 Caesar
2343 3117 2465 3160 ludos
2512 3119 2712 3161 funebres
2758 3117 2867 3175 patri
2917 3115 3176 3168 celebraret,

572 3179 641 3221 die
684 3180 827 3222 medio
867 3181 984 3222 stella
1027 3180 1254 3237 apparuit:
1294 3180 1367 3222 illo
1412 3195 1504 3222 eam
1548 3194 1631 3222 esse
1678 3180 1943 3223 confirmavit
1988 3180 2171 3237 parentis
2217 3183 2381 3225 sui.-·
2446 3180 2630 3224 Baebius
2674 3181 2815 3222 Macer
2862 3180 2974 3221 circa
3026 3179 3173 3222 horam

573 3248 766 3286 octavam
810 3242 974 3286 stellam
1021 3242 1321 3300 amplissimam
1368 3245 1488 3302 quasi
1536 3242 1790 3287 lemniscatis
1834 3250 2076 3287 coronatam
2118 3251 2252 3288 ortam
2301 3243 2429 3294 dicit,
2478 3258 2610 3301 quam
2656 3241 2832 3300 quidam
2872 3240 2926 3284 ad
2965 3242 3178 3284 illustran-

573 3304 674 3347 dam
737 3306 911 3363 gloriam
972 3304 1152 3350 Caesaris
1214 3306 1377 3351 iuvenis
1436 3306 1644 3365 pertinere
1697 3305 2006 3352 existimabant.
2070 3306 2164 3365 Ipse
2208 3306 2393 3352 animam
2438 3306 2567 3363 patris
2611 3304 2672 3350 sui
2719 3319 2802 3349 esse
2844 3303 3007 3357 voluit,
3056 3304 3178 3361 eique

573 3370 619 3409 in
675 3368 882 3424 Capitolio
942 3376 1152 3421 statuam,
1212 3383 1340 3427 super
1396 3376 1527 3429 caput
1584 3381 1753 3415 auream
1806 3370 1969 3413 stellam
2022 3370 2276 3423 habentem,
2326 3369 2482 3429 posuit.
2547 3367 2802 3426 Inscriptum
2847 3368 2893 3411 in
2941 3366 3030 3411 basi
3063 3366 3177 3410 fuit:

574 3430 768 3485 Καίσαρι
817 3430 1002 3485 η’μιθέῳ.
1080 3431 1165 3474 Sed
1217 3433 1440 3477 Vulcatius
1485 3444 1662 3491 aruspex
1710 3433 1754 3474 in
1801 3435 2007 3477 concione
2054 3433 2158 3493 dixit
2199 3439 2394 3477 cometen
2435 3446 2543 3485 esse,
2596 3433 2671 3494 qui
2715 3430 2974 3490 significaret
3017 3431 3174 3473 exitum

572 3495 674 3537 noni
730 3494 889 3541 seculi.
956 3503 997 3537 et
1053 3497 1286 3553 ingressum
1349 3496 1530 3550 decimi,
1593 3496 1664 3538 sed
1714 3496 1829 3555 quod
1870 3498 2010 3540 ‘invitis
2058 3497 2143 3540 niis
2186 3505 2347 3542 secreta
2397 3509 2536 3539 rerum
2580 3496 2901 3555 pronuntiaret,
2946 3492 3087 3535 statim
3133 3508 3175 3536 sc

571 3571 656 3601 esse
716 3558 1001 3612 moriturum3
1057 3567 1121 3610 et,
1166 3558 1358 3604 nondum
1401 3559 1522 3604 finita
1565 3560 1781 3612 oratione,
1829 3562 1874 3604 in
1919 3564 2006 3619 ipsa
2047 3561 2253 3606 concione
2298 3558 2501 3605 concidit.
2569 3561 2660 3604 Hoc
2701 3560 2825 3602 etiam
2868 3558 3086 3616 Augustus
3129 3559 3175 3600 in

567 3620 678 3670 h'bro
708 3622 896 3668 secando
929 3622 983 3667 dc
1015 3625 1219 3667 memoria
1251 3625 1360 3668 vitae
1392 3639 1492 3669 suae
1525 3625 1771 3683 complexus
1801 3632 1877 3668 est.
