3442 4094
566 238 713 281 regem
776 221 893 267 dedit
950 224 1307 280 Parthamaspen,
1357 223 1428 265 sed
1474 229 1645 279 gentem
1688 225 1926 280 inquietam
1973 222 2028 268 ad
2066 230 2242 268 cotum
2289 225 2516 281 imperium
2563 228 2832 273 transducere
2884 243 2968 272 non
3017 229 3169 285 potuit.

562 287 718 345 Itaque
751 302 885 345 quum
922 288 966 329 in
1013 286 1329 343 oppugnatione
1374 286 1529 328 Hatrae
1576 286 1690 328 urbis
1739 287 1783 328 in
1835 286 2033 329 morbum
2077 285 2291 328 incidisset
2333 285 2566 338 Traianus,
2626 290 2890 335 Hadrianum
2938 291 3081 350 Syriae
3126 297 3171 333 et

567 351 772 395 exercitui
836 349 1067 406 praefecit:
1131 349 1220 405 ipae
1278 348 1460 391 Romam
1520 347 1657 392 redire
1706 363 1934 406 properans
1981 348 2203 393 Selinunte
2251 347 2297 391 in
2339 348 2498 394 Cilicia
2532 349 2735 395 deuenit..
2790 354 2890 409 Quo
2934 353 3167 406 demanio,

566 412 805 460 Hadrianus
845 412 1073 468 imperium
1119 410 1342 469 capessivit
1392 410 1645 456 Antiochiae
1687 426 1726 457 a.
1773 414 1883 458 870.
1912 413 2124 457 incertum
2155 419 2304 456 utrum
2335 411 2391 455 ab
2415 415 2891 473 aegrotantezPrineipe
2917 417 3168 476 adoptatus.

569 492 654 528 an,
705 491 754 518 eo
800 482 999 525 mortuo,
1049 474 1157 517 fictis
1201 489 1225 517 a
1273 474 1433 518 Plotina
1484 475 1615 519 literis
1661 475 1898 534 adoptionis
1945 476 1999 519 ad
2042 477 2342 519 successionem
2401 482 2587 519 roe-tus.
2651 474 2747 520 Neo
2789 477 2975 533 dsunt,
3026 481 3168 539 inquit

568 542 658 582 Ael.
692 540 833 594 Spart.
866 551 905 579 c.
941 539 985 580 4.
1022 539 1107 596 qui
1125 537 1338 595 factione
1367 538 1613 590 Plotinae,
1648 547 1834 581 mortuo
1860 542 1961 582 iam
1994 538 2036 581 T
2031 541 2229 589 raiano,
2262 537 2563 581 Hadrianum
2592 540 2645 581 in
2677 539 2967 596 adoptionem
3010 542 3168 585 ndaci-

571 609 669 643 tum
713 615 806 642 erse
847 598 1151 657 prodiderint
1164 617 1181 653 ,-
1216 603 1455 659 supposito
1472 634 1484 654 ‚
1521 603 1605 660 qui
1630 616 1722 659 pro
1758 601 1964 646 Traiano
1984 601 2119 660 fma
2151 615 2252 645 vocs
2286 600 2564 659 loqueretur.

631 661 844 721 Adeptus
889 665 1177 720 imperium,
1230 665 1289 707 ita
1338 666 1477 722 pergit
1524 665 1615 708 Ael.
1668 668 1811 722 Spart.
1859 680 1897 709 c.
1946 668 1989 708 5.
2038 664 2102 707 od
2142 666 2357 721 priscian
2401 679 2449 707 ee
2489 666 2657 707 atatim
2698 679 2871 707 morem
2918 666 3169 718 instituit,

567 734 623 771 et,
655 725 870 771 tenendae
915 741 999 784 per
1045 727 1197 769 orbem
1240 734 1481 770 terrarum
1519 729 1633 784 paci
1677 742 1862 784 operam
1910 726 2128 770 incendit.
2197 726 2354 784 Quare
2400 728 2559 769 omnia
2607 734 2743 770 eram
2789 727 3087 783 Euphratem
3118 743 3172 770 oc

571 788 765 846 Tigrim
815 788 1049 847 reliquit3
1092 789 1324 845 exemplo,
1366 797 1420 830 ut
1455 789 1661 839 dicebat,
1714 790 1934 841 Catonis,
1984 791 2071 847 qui
2126 787 2399 831 Macedonas
2447 788 2616 837 liberos
2653 790 3013 847 pronuntiavit,
3057 791 3172 848 quia

571 853 719 894 teneri
765 865 856 892 non
897 858 1134 908 poterunt.
1198 852 1312 907 Ergo
1351 853 1533 893 Romam
1582 864 1768 893 reversus
1809 851 2083 893 Consulatum
2132 852 2313 893 alterum
2360 852 2454 893 iniit
2497 866 2539 896 a.
2588 853 2695 896 871.
2761 852 2919 895 Audito
2951 851 3051 895 dein
3094 858 3170 895 tu-

568 915 708 956 multu
757 914 1048 955 Sarmatarum
1097 920 1139 955 et
1179 913 1525 964 Roxolanorum,
1571 915 1801 969 praemissis
1841 914 2116 964 exercitibus,
2162 912 2359 954 Moesiam
2402 914 2550 969 petiit;
2601 921 2643 956 et
2691 929 2790 958 cum
2839 929 2940 972 rege
2989 914 3170 957 Roxola-

568 990 751 1023 norum.
803 976 879 1032 qui
923 975 976 1017 de
1019 975 1256 1018 imminutis
1296 976 1517 1033 stipendiis
1560 976 1845 1032 querebatur,
1910 977 2084 1032 cognito
2129 975 2301 1032 negotio
2343 988 2492 1031 pacem
2534 979 2769 1032 composuit
2818 975 2875 1036 (e.
2922 975 3007 1036 6.).
3087 976 3171 1019 Sed

567 1038 857 1083 coniuratione
904 1038 1070 1093 Nigrini
1121 1045 1388 1089 commotus,
1437 1039 1635 1080 Martium
1679 1039 1925 1080 Turbonem
1952 1038 2194 1080 Pannoniae
2229 1037 2470 1094 Daciaeque
2497 1036 2550 1079 ad
2596 1045 2763 1095 tempus
2795 1041 3019 1095 praefecit;
3053 1041 3167 1096 ipse,

566 1107 731 1156 praeter
780 1100 1008 1155 Nigrinum
1050 1099 1175 1141 etiam
1221 1100 1464 1142 Cornelium
1506 1100 1726 1149 Palmam,
1772 1099 2004 1142 Publilium
2036 1100 2236 1150 Celsum,
2268 1099 2436 1141 Lusium
2468 1099 2704 1153 Quietum,
2733 1102 2972 1145 consulares
3003 1116 3168 1152 omnes,

564 1160 876 1205 interficiendos
924 1162 1119 1213 curavit,
1166 1169 1324 1205 veteres
1370 1177 1465 1205 suos
1511 1162 1625 1220 apud
1673 1162 1904 1206 Traianum
1954 1161 2268 1205 detrectatores.
2336 1161 2458 1205 Unde
2502 1162 2642 1204 statim
2684 1162 2923 1206 Hadrianus
2955 1163 3011 1208 ad
3040 1164 3171 1209 refel-

564 1225 733 1268 lendam
782 1225 1057 1268 tristissimam
1098 1224 1152 1267 de
1208 1240 1251 1268 se
1297 1227 1543 1283 opinionem
1563 1257 1575 1276 ,
1624 1226 1743 1283 quod
1792 1226 1931 1268 occidi
1976 1240 2116 1283 passus
2146 1232 2250 1267 esset
2298 1239 2384 1267 uno
2432 1232 2622 1282 tempore
2668 1233 2854 1283 quatuor
2898 1227 3167 1278 consulares,

560 1290 743 1332 Romam
797 1289 909 1331 venit
963 1295 1006 1329 et
1068 1288 1113 1329 in
1178 1289 1337 1331 Senatu
1384 1303 1560 1347 quoque
1611 1289 1816 1331 excusatis
1860 1303 1971 1348 quae
2020 1289 2132 1332 sacta
2179 1294 2329 1340 erant,
2374 1288 2529 1331 iuravit
2572 1302 2616 1331 se
2664 1303 2887 1347 nunquam
2933 1295 3171 1332 senatorem

563 1352 638 1394 nisi
673 1366 722 1394 ex
753 1358 921 1393 senatus
952 1351 1157 1393 sententia
1192 1352 1444 1408 puniturum
1482 1351 1538 1410 (c.
1575 1349 1658 1408 7.).

590 1413 751 1467 ‚Anno
817 1415 926 1456 873.
984 1413 1220 1456 Hadrianus
1279 1415 1360 1456 iter
1419 1414 1526 1456 illud
1591 1414 1898 1456 nobilissimum
1947 1415 2160 1466 instituit,
2219 1427 2338 1471 quo,
2395 1413 2566 1455 militari
2608 1427 2751 1466 more,
2803 1427 2949 1457 omnes
2995 1415 3170 1471 Imperii

563 1477 801 1533 provincias
866 1478 1138 1532 peragravit:
1194 1477 1356 1532 frigora
1412 1484 1455 1519 et
1516 1484 1780 1533 tempestates
1841 1478 1898 1518 ita
1953 1478 2164 1533 patienter
2197 1478 2363 1527 ferens,
2420 1483 2467 1517 ut
2516 1491 2596 1519 nec
2640 1491 2832 1534 unquam
2873 1484 2948 1519 aut
2995 1484 3170 1534 propter

561 1540 678 1581 nives
721 1539 899 1580 Celticas
919 1570 930 1588 ,
969 1546 1018 1581 ut
1061 1540 1140 1583 Dio
1172 1540 1318 1583 scribit
1342 1541 1387 1583 L.
1417 1540 1567 1582 LXIX.
1601 1552 1642 1582 c.
1677 1541 1719 1582 9.
1754 1554 1800 1596 p.
1835 1541 1942 1582 792.
1976 1539 2028 1582 A.
2063 1547 2137 1582 aut
2169 1546 2342 1596 propter
2374 1536 2533 1580 calores
2561 1539 2787 1596 Aegyptios
2814 1547 2943 1596 eaput
2974 1538 3173 1582 babuerit

563 1608 790 1658 opertum:
829 1602 1009 1642 militem
1061 1602 1305 1648 tolerantiae
1353 1602 1618 1644 documentis
1668 1602 1892 1653 imbuens,
1941 1602 2028 1658 ipse
2076 1615 2251 1660 quoque
2294 1603 2404 1643 iuter
2450 1602 2734 1658 manipulares
2765 1603 2909 1644 .vitam
2941 1602 3169 1644 militarem

562 1665 835 1719 magistram,
885 1663 990 1704 cibis
1033 1665 1161 1704 etiam
1205 1665 1484 1706 castrensibus
1533 1665 1577 1705 in
1620 1665 1844 1721 propatulo
1887 1664 2067 1706 libenter
2107 1672 2261 1715 utens,
2310 1664 2503 1720 exemplo
2545 1665 2710 1706 virtutis
2754 1679 2852 1707 suae
2902 1671 3061 1706 ceteros
3091 1662 3167 1705 ad-

562 1725 785 1776 hortatus,
827 1741 962 1783 quum
1008 1728 1136 1768 etiam
1180 1728 1327 1769 vicena
1371 1727 1486 1768 milia
1532 1726 1710 1783 pedibus
1739 1735 1923 1769 armatus
1951 1727 2189 1769 ambularet
2221 1726 2277 1785 (e.
2334 1725 2446 1784 10.).
2511 1728 2611 1768 Erat
2640 1728 2785 1780 enim,
2820 1735 2866 1769 ut
2899 1728 2991 1770 Ael.
3025 1728 3166 1784 Spart.

560 1804 599 1832 c.
651 1791 724 1829 17.
771 1788 857 1838 ait,
901 1790 1310 1846 peregrinationis
1374 1792 1447 1831 ita
1489 1789 1717 1846 cupidus,
1780 1797 1834 1830 ut
1884 1791 2039 1830 munia
2087 1805 2201 1847 quae
2244 1789 2424 1847 legerat
2472 1789 2525 1830 de
2575 1789 2686 1831 loeis
2726 1790 2854 1831 orbis
2894 1797 3166 1838 terrarum,

554 1865 776 1907 praesens
810 1850 946 1891 vellet
988 1850 1240 1895 addiscere.
1304 1853 1562 1909 Faciensque
1612 1851 1692 1893 boc
1740 1852 1851 1901 iter,
1896 1866 1983 1908 quo
2031 1853 2212 1893 nominis
2253 1852 2319 1893 sui
2350 1851 2508 1892 famam
2560 1852 2822 1902 celebraret,
2864 1853 2916 1892 in
2961 1851 3170 1893 omm‘lme

560 1929 672 1969 pene
719 1912 915 1955 urbibue
959 1921 1043 1955 aut
1085 1913 1275 1971 aliquid
1321 1914 1612 1971 aedificavit,
1658 1922 1743 1956 aut
1793 1913 1923 1956 ludos
1970 1913 2133 1956 edidit.
2187 1914 2284 1958 Vid.
2331 1914 2422 1955 Aet.
2465 1914 2610 1969 Spart.
2648 1929 2689 1956 c.
2745 1916 2815 1957 19.
2866 1922 2908 1955 et
2950 1916 2994 1955 in
3024 1914 3168 1969 primis

562 1976 814 2026 Pausanias,
867 1975 986 2018 cuius
1031 1973 1248 2024 ‘Elaeam
1295 1980 1547 2031 περιήγησις
1592 1976 1747 2019 referta
1797 1973 1881 2019 est'
1904 1975 2106 2019 aedificiis
2156 1976 2374 2019 Hadriani.
2440 1976 2492 2018 Et
2528 1977 2714 2032 primum
2747 1975 2920 2033 quidem
2955 1976 3168 2032 profectus

561 2046 623 2080 est
674 2040 716 2080 in
758 2038 946 2080 Gallias:
996 2037 1095 2081 inde
1141 2040 1184 2081 in
1225 2039 1500 2082 Germaniam
1542 2040 1721 2082 transiit.
1788 2039 1984 2082 Proximo
2030 2053 2143 2081 anno
2191 2040 2299 2081 874.
2347 2038 2607 2081 Britanniam
2652 2040 2802 2095 petiit:
2837 2040 2881 2081 in
2910 2053 2997 2096 qua
3032 2038 3167 2082 multa

562 2102 769 2151 correxit,
821 2115 1082 2159 murumque
1127 2116 1203 2158 per
1246 2104 1462 2159 octoginta
1528 2102 1640 2143 milia
1691 2116 1885 2159 passuum
1933 2102 2091 2158 primus
2137 2101 2287 2153 duxit,
2346 2101 2674 2162 qui-Barbaros
2723 2103 3022 2159 Romanosque
3063 2100 3168 2143 divi-

563 2164 683 2206 deret
730 2162 786 2221 (c.
842 2163 951 2221 ih).
1034 2164 1283 2221 Compositis
1324 2167 1366 2206 in
1417 2165 1634 2207 Britannia
1684 2165 1837 2216 rebus,
1886 2172 2159 2222 transgressus
2208 2165 2252 2206 in
2295 2164 2509 2216 Galliam,
2565 2171 2605 2207 et
2655 2164 2769 2222 apud
2818 2165 3074 2207 Nemausum
3121 2165 3166 2205 in

561 2228 763 2269 honorem
829 2228 1018 2270 Plotinae
1083 2228 1298 2270 basilicam
1358 2244 1486 2285 opere
1547 2228 1729 2270 mirabili
1793 2230 2010 2270 exstruxit.
2090 2229 2184 2270 Post
2229 2228 2334 2271 haec
2384 2227 2597 2283 Hispanias
2648 2229 2795 2283 petiit,
2845 2236 2887 2269 et
2931 2228 3166 2271 Tarracone

568 2285 801 2333 hiemavit:
850 2290 924 2330 ubi
968 2298 1110 2332 sumtu
1144 2304 1220 2332 suo
1265 2290 1414 2333 aedem
1458 2291 1638 2346 Augusti
1690 2291 1868 2333 restituit
1913 2290 1967 2349 (c.
2009 2289 2120 2348 12.).
2161 2291 2267 2333 'Per
2310 2303 2359 2332 ea
2410 2296 2599 2346 tempora
2643 2297 2683 2332 et
2715 2290 2816 2333 alias
2847 2290 3091 2348 frequenter
3121 2291 3166 2331 in

562 2353 754 2407 plurimis
797 2353 928 2400 loeis,
982 2354 1024 2393 in
1069 2354 1225 2409 quibus
1275 2354 1440 2395 barbari
1486 2367 1570 2394 non
1617 2353 1865 2394 fluminibus
1912 2353 1982 2394 sed
2033 2353 2239 2396 limitibus
2286 2352 2609 2402 dividebantur,
2659 2354 2870 2409 stipitibus
2896 2353 3089 2409 magnis,
3123 2353 3167 2392 in

559 2414 734 2457 modum
781 2414 953 2456 muralis
1002 2417 1140 2471 sepis,
1190 2414 1382 2458 funditus
1426 2416 1545 2458 iactis
1594 2423 1722 2473 atque
1773 2417 2001 2463 connexis,
2053 2415 2256 2458 Barbaros
2302 2416 2508 2472 separavit
2556 2414 2613 2472 (c.
2653 2414 2767 2472 12.).
2833 2416 2929 2457 Post
2975 2415 3057 2457 boc
3091 2429 3163 2471 per

561 2478 700 2521 Asiam
749 2484 790 2519 et
836 2478 990 2520 insulas
1040 2477 1093 2520 ad
1138 2477 1343 2521 Achaiam
1390 2478 1601 2535 navigavit
1643 2493 1681 2520 a.
1738 2480 1846 2522 875.
1897 2486 1938 2521 et
1989 2478 2199 2521 Eleusinia
2233 2493 2387 2529 sacra,
2415 2478 2607 2533 exemplo
2641 2478 2832 2520 Herculis
2865 2477 3164 2535 Philippique,

562 2540 759 2595 suscepit.
825 2540 921 2582 Post
967 2541 1011 2582 in
1058 2541 1249 2584 Siciliam
1299 2541 1526 2598 navigavit.
1594 2540 1699 2584 Inde
1748 2543 1926 2585 Romam
1973 2542 2083 2584 venit
2132 2556 2170 2583 a.
2223 2541 2331 2584 879.
2372 2547 2502 2598 atque
2547 2554 2597 2582 ex
2631 2554 2679 2583 ea
2707 2541 2750 2583 in
2780 2539 2967 2583 Africam
3000 2541 3166 2583 transiit

561 2618 602 2645 a.
657 2603 766 2645 882.
830 2616 878 2643 ac
943 2605 1127 2645 multum
1187 2603 1490 2646 beneficiorum
1547 2605 1773 2662 provinciis
1831 2605 2039 2647 Africanis
2087 2603 2293 2647 attribuit.
2359 2602 2415 2662 (c.
2472 2600 2583 2660 13.).
2651 2603 2844 2661 Denique
2892 2616 3028 2660 quum
3073 2609 3166 2659 post

558 2665 749 2707 Africam
808 2666 987 2705 Romam
1048 2666 1246 2717 redisset,
1312 2668 1470 2709 statim·
1519 2667 1573 2709 ad
1617 2667 1835 2710 Orientem
1883 2667 2094 2725 profectus
2137 2680 2176 2709 a.
2227 2668 2333 2710 883.
2381 2678 2457 2724 per
2505 2664 2689 2709 Athenas
2733 2666 2814 2709 iter
2861 2665 2991 2718 fecit,
3037 2672 3166 2725 atque

558 2743 686 2784 opera
707 2760 719 2777 ,
749 2739 861 2784 quae
895 2728 1011 2781 apud
1055 2729 1330 2771 Athenienses
1363 2738 1589 2786 coeperat,
1634 2731 1841 2771 dedicavit
1861 2744 1895 2771 :1
1924 2738 1971 2771 ut
2016 2731 2123 2770 Iovis
2169 2730 2356 2786 Olympii
2388 2729 2537 2770 aedem
2571 2737 2613 2769 et
2639 2743 2754 2770 aram
2782 2728 2888 2769 sibi:
2923 2728 3160 2786 eodemque

562 2789 693 2832 modo
737 2804 813 2845 per
864 2790 1004 2831 Asiam
1052 2791 1130 2830 iter
1178 2792 1362 2841 faciens,
1412 2793 1569 2848 templa
1614 2794 1677 2833 sui
1716 2793 1898 2834 nominis
1947 2793 2203 2833 consecravit
2237 2790 2295 2848 (c.
2335 2789 2444 2847 13.).
2512 2792 2823 2847 Peragrataque
2852 2791 3006 2832 Arabia
3040 2792 3165 2832 Pelu-

557 2854 665 2895 sium
717 2852 859 2901 venit3
907 2850 982 2893 ubi
1035 2852 1223 2908 Pompeii
1266 2856 1480 2896 tumulum
1526 2853 1866 2911 magnificentius
1896 2854 2097 2896 exstruxit
2134 2852 2190 2911 (c.
2232 2851 2340 2911 14.).
2407 2854 2567 2895 Romae
2605 2853 2851 2894 instauravit
2894 2852 3161 2902 Pantheum,

558 2916 717 2972 Septa,
765 2914 980 2957 basilicam
1027 2915 1241 2971 Neptuni,
1279 2931 1413 2960 sacras
1460 2916 1584 2960 aedes
1628 2917 1861 2973 plurimas,
1906 2917 2045 2959 forum
2089 2916 2303 2972 Augusti,
2350 2915 2562 2958 lavacrum
2610 2915 2854 2973 Agrippae:
2898 2930 3162 2974 quamquam

558 2993 607 3021 ea
648 2977 822 3036 quidem
869 2978 1011 3021 omnia
1062 2978 1243 3035 propriis
1287 2986 1328 3023 et
1371 2980 1582 3023 veteribus
1626 2980 1868 3023 nominibus
1918 2980 2204 3032 consecravit3
2253 2977 2325 3022 sed
2377 2986 2550 3036 pontem
2597 2979 2699 3023 feeit
2742 2981 2806 3022 sui
2870 2980 3071 3028 nominis.
3122 2988 3164 3023 et

557 3042 799 3099 sepulerum
847 3042 963 3083 iuxta
1005 3041 1195 3085 Tiberim
1250 3040 1307 3101 (e.
1347 3041 1455 3101 19.).
1522 3043 1672 3085 Multas
1716 3044 1904 3085 civitates
1947 3042 2242 3099 Adrianopolis
2301 3042 2555 3100 appellarit,
2622 3049 2670 3086 ut
2740 3043 2871 3099 ipsam
2936 3040 3164 3101 Carthagi·

558 3118 689 3153 nem,
742 3111 782 3144 et
830 3104 1093 3145 Athenarum
1142 3112 1320 3161 partem.
1387 3106 1609 3162 Aquarum
1661 3107 1786 3147 etiam
1839 3105 1991 3147 ductus
2031 3105 2215 3147 infinitos
2245 3105 2326 3147 boc
2359 3107 2527 3148 nomine
2558 3106 2844 3163 nuncupavit:
2882 3111 2923 3147 et
2957 3106 3163 3163 oppidum

556 3166 883 3209 Adrianotberas
928 3168 971 3207 in
1022 3166 1210 3224 quodam
1261 3168 1382 3219 loco,
1429 3168 1546 3225 quod
1594 3169 1682 3209 illic
1731 3175 1770 3210 et
1819 3169 2001 3210 feliciter
2049 3175 2153 3210 esset
2195 3176 2367 3211 venatus
2418 3176 2460 3211 et
2504 3182 2617 3211 ursas
2664 3168 2877 3211 occidisset
2910 3170 3160 3228 aliquando,

558 3230 773 3272 constituit
809 3228 867 3286 (c.
903 3228 999 3285 20).
1099 3279 1105 3282 ,

624 3290 709 3333 Sed
756 3292 933 3348 longum
983 3299 1043 3333 est
1089 3293 1254 3349 singula
1300 3294 1520 3349 persequi,
1560 3308 1669 3349 quae
1714 3294 1975 3344 Hadrianus,
2022 3294 2178 3347 gloriae
2221 3294 2472 3352 honorisque
2514 3293 2837 3349 cupidissimus,
2883 3293 2937 3335 ad
2983 3296 3163 3336 nominis

553 3352 617 3396 sui
667 3352 824 3396 famam
875 3352 1205 3407 celebrandam,
1259 3369 1394 3412 quum
1448 3356 1608 3398 Romae
1655 3363 1746 3398 tum
1784 3371 1881 3399 vero
1931 3356 1976 3398 in
2018 3356 2238 3400 itineribus
2279 3357 2409 3400 feeit:
2455 3354 2509 3398 de
2555 3355 2713 3412 quibus
2759 3356 2793 3399 si
2849 3357 3066 3412 scripserit·
3118 3357 3162 3398 in

553 3414 668 3460 libris
731 3414 783 3458 de
845 3416 940 3461 Vita
997 3417 1079 3461 Sua
1105 3450 1117 3468 ,
1178 3417 1294 3476 quod
1353 3431 1439 3461 non
1500 3417 1572 3461 abs
1628 3432 1673 3461 re
1736 3418 1902 3463 videtur
1949 3418 2179 3476 suspicari,
2223 3432 2423 3478 magnam
2472 3418 2660 3476 profecto
2704 3418 2748 3461 iu
2791 3432 2941 3463 eornm
2989 3418 3161 3462 interitu

554 3480 761 3526 iacturam
794 3479 990 3522 fecerunt
1021 3481 1212 3533 Litera03
1248 3483 1478 3541 praecipue
1511 3489 1656 3526 tamen
1688 3483 1892 3527 Historiae
1911 3514 1924 3535 ,
1956 3482 2231 3542 Antiquitatis
2262 3490 2303 3527 et
2333 3481 2628 3540 Geographiae
2659 3481 2854 3525 scientia.-
