3442 4094
1906 148 1975 198 2⁸

639 287 699 322 est
731 279 803 322 ills
832 280 1012 337 epistola
1037 280 1091 324 ad
1118 279 1380 330 medum:
1407 274 1685 334 quiquidem
1703 272 1906 319 Lentulus
1928 283 2030 332 post
2059 271 2774 337 consumaremsstgeeem,
2796 276 2873 335 iii
2898 279 3089 337 Gliciam
3132 292 3247 339 pro-

634 343 796 393 fectus,
862 347 1081 399 rogaverat
1142 340 1389 383 Ciceronem
1449 344 1495 381 ut
1541 338 1724 380 mitteret
1770 336 1854 380 sibi
1901 351 1947 381 ea
1994 351 2105 396 quae
2149 331 2254 395 post·
2284 328 2750 395 protectionemwffl
2800 336 3037 403 scripsisset.
3085 343 3248 388 fidius*

638 413 786 449 autem
849 404 1053 462 opinionis
1109 400 1434 445 fundamentum
1488 399 1658 457 ¹dudum
1721 401 1877 458 iecerat
1933 401 2144 445 Manutius
2228 403 2303 459 qui
2348 402 2393 444 in
2438 401 2673 456 Comment.
2720 404 2774 446 ad
2823 406 2959 450 Cicer.
3004 409 3133 465 Epist.
3182 406 3236 450 ad

638 469 756 511 Fam.
808 466 859 509 ad
905 465 1029 507 verba
1075 464 1283 507 Ciceronis
1333 461 1520 520 Scripsi
1564 464 1707 506 etiam
1735 461 1965 505 'versibus
2008 469 2104 505 t'res
2173 451 2395 506 ibrosh'd'e
2435 458 2740 522 'Tem‘porilms
2782 469 2919 519 meis,
2965 468 3071 512 haec
3104 485 3236 512 anno-

641 537 828 574 taverat:
893 525 964 570 De
1012 526 1205 579 exsilio,
1255 533 1392 584 atque
1438 527 1581 568 etiam
1630 525 1683 568 de
1732 524 1919 569 reditu.-
1969 527 2021 569 in
2066 525 2143 568 lois
2189 527 2311 569 enim
2360 526 2632 578 Lentulum,
2698 528 2866 583 optime
2927 529 2979 571 de
3043 548 3087 572 se
3148 548 3237 574 me·

642 595 817 642 ritum,
865 590 1138 633 nominavit.
1203 587 1410 647 Scripsit
1459 589 1601 631 etiam
1648 587 1856 631 versibus
1906 594 2001 630 tres
2050 587 2195 631 libros
2239 588 2291 632 de
2334 588 2588 634 Consulatu
2617 604 2720 642 suc,
2759 588 2837 635 aed
2867 598 2950 634 ant
3004 607 3114 636 uam
3145 596 3240 637 iret

640 659 691 697 in
724 652 976 696 exsilium.-
1025 653 1146 713 quod
1187 653 1241 696 L.
1292 652 1360 696 II.
1409 651 1471 694 ad
1517 652 1620 696 Act.
1670 666 1735 710 ep.
1789 654 1832 695 3.
1879 659 1921 693 et
1970 651 2023 694 L.
2075 651 2116 694 I.
2166 651 2218 694 de
2262 651 2428 698 Divin.
2472 667 2515 698 c.
2570 655 2641 696 11.
2678 648 2891 697 ostendit.
3006 655 3048 697 ic
3080 663 3234 700 autem

642 719 796 760 Cicero
824 725 1174 766 commemorat,
1211 731 1326 773 quae
1357 723 1484 771 post
1511 716 1827 767 discessum
1855 715 2131 766 Lentuli„
2155 714 2210 756 id
2236 723 2473 773 “aspect
2516 717 2739 763 cnsilium
2784 730 2918 757 suum
2966 719 3247 774 scripserat.—

637 782 688 822 In
755 780 1009 821 contrariam
1071 793 1170 820 vero
1228 778 1479 821 sententiam
1536 778 1612 820 ivit
1666 777 1938 833 Spaldingius
1984 776 2037 825 ad
2092 771 2314 830 Quinctiis.
2347 778 2521 824 Lffxt.
2568 793 2609 824 c.
2659 781 2702 823 1.
2753 780 2827 821 24.
2874 792 3003 835 quem
3049 780 3240 835 sequitur

640 842 852 893 Orellius,
903 842 1065 892 citans,
1116 839 1231 898 quod
1280 841 1436 884 mirum
1485 846 1570 891 est,
1620 848 1838 897 tamquam
1881 845 2101 888 auctorem
2145 837 2271 888 buius
2315 838 2573 893 sententiae,
2624 842 2699 898 qui
2744 840 2973 883 acerrimus
3007 840 3239 897 refragator

641 906 749 955 ruit,
784 903 1047 946 Tunstallum
1081 904 1125 944 in
1158 903 1294 959 Epist.
1329 902 1380 944 ad
1414 901 1602 945 Middlet.
1639 917 1681 958 p.
1719 903 1823 945 102.
1858 916 1950 959 sqq.

703 965 941 1023 Equidem,
994 964 1079 1007 duo
1125 963 1284 1007 diversa
1332 966 1518 1007 carmina
1568 965 1691 1007 tuisse
1737 966 1956 1021 opinatus,
2005 965 2192 1021 suspicor
2233 965 2478 1009 Ciceronem
2529 964 2577 1007 'in
2604 966 2795 1019 -sltero,'
2834 967 2991 1024 scripto
3039 973 3135 1009 ante
3167 978 3251 1008 ex·-

641 1030 812 1078 silium,
879 1027 1107 1069 celebrasse
1171 1042 1234 1068 res
1285 1042 1378 1069 suas
1427 1028 1641 1084 praeclare
1687 1035 1821 1086 gestas
1866 1029 1907 1068 in
1954 1027 2206 1080 Consulatu3
2258 1028 2301 1068 in
2349 1027 2480 1068 altero
2529 1035 2699 1078 autem,
2745 1030 2898 1086 scripto
2947 1029 3117 1071 demum
3151 1035 3250 1086 post·

642 1091 861 1140 exsilium,
908 1091 1102 1131 cecinisse
1146 1089 1432 1131 calamitatem
1479 1090 1652 1138 Ex·silii,·
1690 1082 1980 1146 Reditumque
2030 1087 2153 1131 suum
2204 1088 2447 1145 gloriosum:
2516 1074 2641 1142 Qdod
2671 1098 2972 1145 argumentum
3002 1105 3089 1149 quo
3116 1090 3241 1132 modo

640 1153 879 1196 tractaverit
942 1151 1117 1204 Cicera,
1178 1152 1256 1196 etsi
1317 1157 1491 1208 propter
1553 1151 1890 1197 testimoniorum
1948 1151 2168 1207 penuriam
2232 1150 2353 1195 haud-
2390 1152 2635 1209 ‘quisquam
2693 1159 2809 1197 certo
2864 1152 3040 1195 definire
3091 1154 3241 1210 possit,

642 1227 914 1272 nequaquam
965 1221 1107 1256 tamen
1165 1213 1344 1256 dubium
1384 1227 1479 1255 ‹csse
1528 1214 1902 1271 poteritquinam
1948 1214 1991 1254 in
2040 1227 2092 1254 eo
2134 1213 2334 1256 carmine.
2366 1213 2549 1265 laudati,
2600 1214 2775 1272 quinam
2821 1213 2975 1255 acerbe
3016 1216 3240 1270 vituperati

645 1280 742 1320 sint.
809 1277 1052 1332 Cogitemus
1102 1275 1228 1318 modo
1275 1290 1299 1317 a
1347 1274 1504 1332 quibus
1552 1276 1603 1317 sit
1651 1274 1808 1317 eiectus
1855 1272 1914 1317 in'
1951 1273 2169 1326 exsilium,
2218 1272 2447 1331 a'quibub
2490 1273 2704 1317 re'stitutus
2748 1277 2792 1317 in
2843 1276 3035 1331 patriam.
3100 1277 3245 1317 Histo-

644 1340 747 1381 riam
796 1339 883 1395 ipse
925 1338 1114 1394 exposuit
1156 1337 1302 1379 Cicero
1351 1337 1393 1378 in
1445 1338 1633 1379 oratione
1678 1351 1754 1393 pro
1788 1337 1959 1387 Sextio,
1994 1351 2121 1393 quam
2157 1336 2305 1379 habuit
2338 1344 2573 1393 παρ-ραι
2597 1337 2821 1388 exsilium..
2857 1336 2899 1380 id
2927 1344 2988 1383 est
3021 1337 3127 1380 698.
3155 1336 3243 1379 for-

644 1410 749 1443 tasse
793 1414 926 1458 quum
973 1401 1016 1441 iu
1061 1399 1141 1441 hoc
1191 1400 1280 1456 ipso
1329 1400 1516 1440 carmine
1567 1397 1793 1456 pangendo
1834 1406 1936 1440 esset
1976 1405 2218 1456 occupatus.
2289 1397 2575 1451 »Clodius,
2611 1398 2738 1442 homo
2770 1398 3025 1442 furibundus
3057 1412 3108 1442 ac
3141 1413 3245 1456 per·-

621 1465 788 1513 .ditus,
851 1465 980 1504 iratus
1037 1463 1260 1512 Ciceroni,
1311 1461 1382 1502 sed
1431 1462 1569 1503 multa
1611 1463 1881 1503 scriuswotii
1929 1469 1971 1503 et
2017 1463 2253 1503 communis
2298 1462 2446 1503 salutis⁴
2481 1463 2703 1513 inimicus,
2756 1462 2861 1504 nihil
2907 1476 2990 1503 non
3040 1462 3243 1512 molitur,

647 1542 733 1584 quo
780 1525 1028 1567 Ciceronem
1078 1526 1122 1566 in
1166 1524 1406 1581 periculum
1452 1525 1599 1581 capitis
1631 1523 1814 1569 adducat
1851 1522 1946 1581 (pro
1978 1524 2093 1568 Sext.
2127 1538 2167 1567 c.
2201 1522 2283 1582 7.).
2349 1522 2510 1569 Videas
2540 1524 2742 1567 facillime
2771 1539 2813 1566 se
2841 1523 2884 1565 id
2917 1531 3259 1566 consecuturum

646 1589 677 1629 si
730 1587 924 1630 tribunus
967 1586 1113 1644 plebis·
1152 1586 1253 1639 fiat,
1279 1582 1431 1640 {tradit
1476 1590 1520 1628 se
1561 1585 1917 1642 in'adoptionesm
1958 1585 2123 1642 plebeio
2157 1585 2342 1636 homiui,
2377 1585 2717 1636 'Ps'Fonteim
2782 1585 2892 1629 'rum
2924 1586 3108 1630 faciente
3139 1585 3246 1628 Cae-

645 1664 762 1701 sare,
827 1664 920 1693 nec‘
976 1650 1148 1701 insito,-
1199 1657 1247 1691 ut
1299 1648 1499 1701 ¹ridetur,
1560 1650 1788 1706 Pompeis,
1847 1647 2040 1691 tribunus
2097 1647 2229 1707 plebis
2277 1648 2452 1700 factus,
2515 1648 2655 1706 legem
2703 1649 2812 1702 fert,
2862 1654 2939 1700 ut,
2991 1649 3065 1708 qui
3115 1649 3249 1692 civem

644 1715 885 1755 Romanum
947 1711 1241 1754 indemnatum
1308 1713 1599 1762 interemerit,
1665 1713 1705 1752 ei
1768 1726 1876 1768 aqua
1942 1719 1983 1752 et
2031 1714 2122 1767 igni
2167 1710 2461 1753 interdicatur.
2525 1712 2672 1753 Cicero
2720 1713 2794 1753 etsi
2845 1725 2928 1752 non
2984 1712 3249 1762 nominatus,

644 1774 728 1816 hac
779 1775 874 1830 lege
925 1789 968 1816 se
1014 1774 1149 1816 solum
1195 1773 1283 1828 peti
1336 1774 1599 1824 existimans,
1650 1779 1805 1815 vestem
1856 1781 2017 1822 mutat,
2070 1781 2116 1814 ut
2161 1775 2220 1814 rei
2264 1772 2421 1822 solent,
2475 1781 2516 1813 et
2561 1772 2795 1814 sordidatus
2838 1774 3247 1829 populo‘supplicat.

650 1835 744 1892 (pro
796 1836 913 1877 Sext.
951 1848 988 1876 c.
1024 1833 1104 1892 9.).
1172 1835 1217 1875 L.
1264 1834 1518 1884 Ninnius,
1562 1835 1624 1876 vir
1660 1833 1900 1876 incredibili
1928 1833 2042 1885 fide,
2076 1833 2370 1891 magnitudine
2400 1834 2558 1884 animi,
2592 1835 2852 1885 constantia,
2886 1833 2941 1874 ad
2973 1841 3163 1875 senatum
3198 1833 3251 1875 de

647 1914 691 1939 re
755 1897 927 1953 publica
989 1898 1145 1939 refert:
1211 1912 1260 1938 eo
1318 1896 1525 1938 referente
1587 1905 1761 1939 senatus
1801 1898 2002 1954 frequens
2052 1904 2206 1938 restem
2260 1911 2333 1953 pro
2380 1897 2514 1938 salute
2561 1895 2771 1938 Cideronis
2815 1896 3062 1937 mutandam
3110 1903 3252 1937 censet

652 1959 748 2018 (pro
775 1960 891 2002 Sext.
926 1973 967 2002 c.
1002 1958 1112 2018 11.).
1143 1957 1183 2001 0
1209 1957 1337 2001 diem
1355 1957 1529 2010 illum,
1562 1953 1773 2002 exclamat
1799 1958 1947 2002 Cicero
1982 1971 2061 2015 pro
2095 1959 2211 2002 Sext.
2244 1971 2284 2003 c.
2306 1954 2501 2004 'iz-⁴²27.
2523 1955 2773 2016 funestum
2805 1958 3003 2010 senatui,
3040 1957 3254 2018 bonisque

652 2022 897 2063 omnihus!
948 2024 1020 2062 rei
1062 2021 1277 2078 publicae
1328 2021 1618 2063 luctuosum!
1665 2022 1789 2063 mihi
1837 2021 1899 2062 ad
1941 2020 2237 2062 domesticum
2277 2019 2586 2071 maerorem,''
2601 2025 2795 2079 gravem
2811 2024 2833 2061 .'
2863 2019 2928 2062 ad
2949 2022 3250 2077 posteritatis

649 2086 948 2134 memoriam,
996 2083 1296 2142 gloriosum!
1365 2083 1491 2140 Quid
1535 2086 1658 2125 enim
1713 2085 1963 2142 quisquam
2006 2091 2158 2140 potest
2204 2099 2267 2125 earv
2306 2085 2432 2125 omni
2476 2084 2700 2124 memoria
2750 2097 2926 2124 sumere
2975 2082 3248 2132 illustrius,

650 2162 788 2203 quam
839 2161 924 2202 pro
972 2161 1062 2186 uno
1110 2146 1204 2186 cive
1252 2152 1294 2185 et
1337 2145 1469 2186 bonos
1520 2161 1669 2187 omnes
1710 2148 1904 2202 privato
1948 2160 2189 2195 consensu,
2237 2153 2280 2185 et
2320 2147 2589 2186 universum
2636 2153 2843 2186 senatum
2879 2144 3067 2201 publico
3099 2146 3250 2185 consi-

654 2208 719 2251 lio
778 2216 982 2250 mutasse
1043 2206 1244 2249 vestem?
1305 2223 1419 2264 quae
1472 2207 1655 2265 quidem
1721 2216 1820 2250 tum
1881 2211 2083 2250 mutatio
2139 2224 2227 2249 non
2287 2204 2622 2263 deprecationis
2668 2224 2807 2248 causa
2858 2216 2923 2248 est
2962 2207 3128 2264 facta,
3177 2205 3256 2247 sed

654 2271 820 2314 luctus.
885 2272 979 2314 Mox
1027 2270 1242 2323 consules,
1294 2269 1560 2313 Gabinius
1610 2277 1650 2313 et
1700 2271 1844 2322 Piso,
1888 2269 1972 2314 duo
2006 2270 2194 2313 turbines
2228 2269 2285 2313 rei
2318 2269 2542 2327 publicae,
2578 2284 2661 2313 non
2697 2269 2823 2312 modo
2853 2269 3141 2326 praecipitanti
3178 2283 3252 2325 pa-

649 2335 754 2373 triae
802 2346 886 2373 non
929 2333 1250 2383 subvenientes,
1300 2331 1371 2373 sed
1424 2346 1516 2373 eam
1550 2333 1677 2373 etiam
1715 2332 1894 2373 nimium
1928 2332 2043 2374 tarde
2074 2331 2299 2375 concidere
2333 2338 2566 2375 maerentes
2593 2331 2688 2391 (pro
2711 2332 2823 2375 Sext.
2857 2345 2896 2375 c.
2934 2329 3052 2391 11.):
3085 2329 3252 2373 foedere

649 2397 763 2437 facto
814 2410 914 2438 cum
964 2395 1137 2439 tribuno
1187 2394 1320 2453 plebis
1368 2396 1540 2452 palam,
1591 2403 1652 2439 ut·
1683 2396 1741 2438 ab
1788 2409 1837 2439 eo
1885 2397 2120 2452 provincias
2167 2396 2411 2453 accipient,
2461 2408 2565 2455 quas
2612 2396 2700 2452 ipsi>
2738 2396 2893 2446 velint,
2944 2395 3177 2438 exercitum
3212 2400 3269 2436 et-

650 2459 904 2515 peouniam,
1028 2464 1172 2499 antam
1230 2458 1385 2508 velint,
1446 2459 1480 2498 si
1540 2458 1618 2514 ipsi
1665 2460 1781 2513 prius
1830 2458 2005 2501 tribuno
2055 2459 2189 2514 plebis
2236 2458 2442 2500 afflictam
2488 2465 2531 2500 et
2577 2458 2848 2500 constrictam
2898 2470 2986 2499 rem
3033 2456 3251 2516 publicam

655 2520 820 2563 tradant
853 2517 948 2578 (pro
969 2472 1093 2563 ⁴Sext.
1127 2532 1166 2563 c.
1206 2518 1330 2577 1Q.):’
1376 2518 1514 2563 subito
1563 2517 1765 2571 edicunt,
1815 2526 1863 2562 ut
1910 2519 1964 2563 ad
2004 2521 2138 2564 vsuurn
2183 2520 2378 2564 vestitum
2425 2519 2599 2563 redeant
2643 2526 2873 2563 senatores:
2939 2518 3105 2563 Clodius
3152 2531 3253 2561 cum

652 2583 820 2624 armatis
862 2589 1044 2638 occupat
1088 2582 1229 2624 forum
1278 2582 1515 2624 ementium
1549 2588 1662 2623 tenet
1711 2581 1917 2624 obsessam
1971 2580 2065 2640 (pro
2097 2583 2212 2625 Sext.
2242 2596 2282 2625 c.
2321 2580 2433 2641 14.).
2499 2581 2645 2625 Cicero
2687 2581 2912 2623 derelictus
2958 2580 3012 2624 ab
3058 2580 3272 2623 omnibus·

653 2644 831 2686 discedit
880 2658 929 2685 ex
980 2642 1398 2701 urhe‚.relinquens
1441 2643 1614 2686 fratrem
1663 2651 1705 2685 et
1751 2643 1904 2685 libems
1954 2651 1995 2686 et
2044 2645 2297 2700 coniugem,
2350 2651 2393 2686 et
2427 2643 2623 2686 'discessu
2674 2657 2747 2685 suo
2794 2650 2927 2685 servat
2972 2656 3061 2685 rem
3110 2642 3255 2699 publi-

653 2721 748 2749 cam
803 2703 896 2763 (pro
925 2701 1045 2749 Sext.
1081 2719 1123 2750 c.
1154 2703 1281 2762 22.)..
1335 2705 1464 2760 Quod
1512 2706 1587 2748 ubi
1633 2713 1900 2764 compertum
1946 2714 2033 2754 est,
2083 2706 2307 2749 discessisse
2334 2706 2610 2756 Ciceronem,
2648 2704 2816 2748 Clodius
2844 2706 2970 2747 saevit
3001 2706 3046 2747 in
3080 2704 3255 2746 domum

654 2770 741 2812 eius
793 2780 844 2810 ac
896 2767 1037 2818 villas;
1089 2775 1263 2810 vexatur
1310 2780 1439 2818 uxor,
1481 2766 1616 2811 'liberi
1666 2775 1932 2826 quaeruntur
1977 2768 2031 2811 ad
2079 2781 2255 2820 necem,
2298 2766 2415 2811 'bona
2456 2767 2743 2824 diripiuntur,
2792 2781 2926 2824 eaque
2971 2765 3022 2809 ad
3068 2766 3257 2810 cumules

655 2826 935 2877 deseruntur,
987 2828 1150 2872 domus>
1185 2827 1318 2871 ardet=
1346 2829 1390 2871 in
1440 2828 1600 2872 Palatio
1652 2829 1746 2888 (pro
1779 2830 1893 2873 Sext.
1929 2844 1966 2876 c.
2003 2827 2117 2888 24).
2334 2824 2340 2842 ³
2428 2836 2432 2844 “

716 2892 865 2936 Pulsus
902 2891 1063 2938 Cicero,
1091 2891 1174 2933 iter
1216 2891 1333 2934 ficit·
1366 2902 1517 2934 verses
1557 2891 1898 2944 Siciliam;·sed
1944 2905 2039 2935 mox
2089 2891 2137 2937 C.
2186 2887 2478 2953 Virgilius,
2530 2895 2698 2948 praeter
2749 2892 2833 2935 eius
2880 2892 3069 2942 insulae,
3119 2901 3267 2949 quum*

652 2958 742 3012 ipss
806 2959 941 3010 p'aene
1001 2950 1138 2995 insula
1198 2965 1286 2997 sese
1345 2953 1536 2997 Ciceroni
1595 2953 1762 2996 obviam
1797 2952 1933 2995 'ferre
1997 2955 2145 3006 vellet,
2206 2955 2449 2999 Ciceronem
2509 2953 2553 2996 in
2609 2954 2797 2997 Siciliam
2844 2955 2985 2997 venire
3036 2966 3120 2995 non
3168 2952 3258 2995 vult

661 3017 757 3075 (pro
786 3017 990 3059 Planc.c.
1024 3014 1136 3074 40.).
1203 3016 1342 3065 Tum,
1387 3016 1557 3058 c‘onsilio
1599 3024 1772 3073 repente
1812 3022 2000 3067 mutato,
2049 3017 2324 3060 Brundisium
2373 3015 2590 3063 contendit
2636 3024 2676 3059 et
2720 3018 2767 3059 in
2812 3015 2967 3059 hortos*
3000 3029 3043 3059 se
3092 3015 3257 3057 confert

654 3081 709 3122 M.
762 3078 943 3121 Laenii
990 3078 1193 3128 Flacci,
1245 3078 1317 3119 cui
1361 3091 1495 3134 quum
1528 3079 1662 3119 omnis
1694 3085 1852 3128 metus,
1888 3079 2121 3134 publicatio
2156 3079 2394 3131 bonorum,
2430 3079 2644 3130 exsilium,
2687 3083 3114 3136 mors-proponatur,
3149 3077 3255 3119 haec

655 3142 846 3200 perpeti,
899 3142 928 3183 si
962 3140 1184 3192 accidant,
1238 3140 1426 3190 mavult,
1461 3153 1590 3197 quam
1623 3139 1857 3182 custodiam
1891 3142 2040 3198 capitis
2067 3140 2280 3184 Ciceronis
2312 3141 2522 3185 dimittere
2556 3139 2651 3200 (pro
2684 3142 2828 3185 Plane.
2864 3156 2902 3184 c.
2950 3137 3062 3199 41.).
3122 3139 3254 3184 Huius

660 3218 784 3261 opera
836 3205 879 3246 in
932 3204 1026 3246 navi
1073 3211 1165 3246 tuta
1213 3216 1264 3255 ac
1308 3199 1425 3247 fideli
1476 3203 1701 3245 cdlocatus
1750 3201 2031 3260 Dyrrachium
2082 3204 2323 3256 contendit,
2368 3204 2552 3263 indeque
2598 3205 2642 3246 in
2695 3202 2980 3249 Macedoniarn
3032 3201 3087 3245 ad
3132 3202 3257 3246 Plan-

657 3268 772 3309 cium
824 3267 990 3323 pergit,
1042 3267 1115 3324 qui
1159 3266 1408 3310 Ciceronem
1457 3264 1842 3316 Thessalonicam,
1870 3266 1915 3308 in'
1960 3267 2345 3325 quaestoriumque·
2371 3262 2582 3323 perducit.
2648 3266 2903 3308 Plancius
2935 3264 3260 3309 Ciceronem‘in

658 3328 812 3374 Asiam.
840 3330 915 3370 'ire
979 3330 1311 3385 comparantem
1356 3340 1439 3370 non
1490 3326 1679 3385 patitur,
1728 3339 1913 3386 eumque
1961 3328 1998 3371 vi
2047 3336 2089 3371 et
2135 3330 2359 3386 complexu
2404 3328 2479 3371 'suo
2523 3329 2701 3379 retinet,
2750 3329 3190 3385 multosque·menses
3236 3343 3258 3368 a

656 3389 1035 3449 capiteCiceronis
1069 3397 1152 3433 non
1186 3385 1390 3449 discedit,
1424 3388 1590 3434 abiecta
1624 3391 1857 3450 quaestoria
1892 3404 2090 3447 persona,
2124 3393 2374 3450 comitisque
2406 3395 2570 3446 sumpta
2606 3387 2701 3448 (pro
2733 3391 2876 3433 Plane.
2911 3405 2950 3432 c.
2989 3387 3101 3449 th).

721 3454 899 3497 Interea:
945 3453 1102 3496 Romae
1166 3452 1291 3496 amici
1337 3450 1580 3505 Ciceronis,
1631 3449 1764 3495 adiuti
1814 3468 1842 3495 a
1889 3454 2115 3511 Pompeio,
2167 3453 2235 3497 eui
2284 3453 2418 3511 opera·
2457 3451 2667 3496 OEceronis
2714 3452 2757 3496 in
2799 3469 2844 3496 re
2887 3452 3061 3511 publica
3109 3466 3260 3495 neces-

659 3517 762 3560 saria
828 3513 1022 3567 videtur,
1083 3528 1247 3559 summo
1296 3514 1524 3577 studioid
1573 3527 1700 3572 agere
1747 3515 1954 3572 incipiunt
2005 3523 2052 3559 ut
2090 3514 2317 3560 Cicero³in
2359 3515 2535 3572 petriam
2573 3516 2830 3560 restituatur.
2897 3515 2944 3559 P.
2979 3514 3259 3567 Lentulus,

659 3579 806 3620 consul
854 3577 953 3618 anni
1003 3578 1208 3633 proximi,
1259 3578 1512 3621 auctoritate
1559 3589 1609 3618 ac
1655 3577 1859 3619 sententia
1909 3589 2008 3626 sua,
2058 3592 2225 3621 causam
2274 3578 2488 3620 Ciceronis
2531 3578 2727 3636 suscipit,
2775 3576 2966 3636 nihilque
3006 3576 3084 3619 sibi
3119 3578 3257 3634 prius,

660 3641 788 3699 quam
824 3640 878 3685 de'
906 3638 1132 3690 Cicerone,
1163 3639 1377 3696 agendum
1408 3632 1571 3682 iudicat
1606 3636 1703 3697 (pro
1731 3640 1846 3681 Sext.
1883 3653 1923 3682 c.
1959 3639 2072 3699 33.).
2135 3642 2198 3683 Re
2231 3641 2273 3683 in
2308 3647 2500 3683 senatum
2549 3641 2704 3691 relata,
2741 3641 2935 3697 princeps
2967 3645 3135 3697 rogatus
3170 3652 3277 3683 sen·-
