3442 4094
1914 149 1949 202 8

624 287 724 334 Vita
770 300 848 331 sua
896 285 1051 330 libros:
1098 293 1145 328 ut
1193 283 1352 353 scilicet
1376 283 1509 354 ‘cives
1552 294 1647 325 suos
1693 279 1892 345 doceret,
1929 293 2040 338 quae
2086 280 2147 323 rei
2178 279 2374 337 publicae
2407 294 2532 326 causa
2564 285 2775 341 perterre,
2810 286 3030 345 qualisque
3061 299 3226 345 semper

623 351 667 394 in
700 361 1056 409 unumquemque
1088 361 1174 390 esse
1206 351 1483 388 sustinnisset.

692 472 793 519 Cfl’r.
837 463 1084 522 Vossius,
1134 466 1189 512 de
1232 467 1338 512 nin.
1382 467 1473 512 Lat.
1521 467 1567 512 1..
1615 466 1652 511 1.
1700 479 1740 511 c.
1793 467 1839 511 9.
1906 466 2129 522 Krause,
2175 482 2220 526 p.
2271 467 2379 511 223.
2446 468 2845 523 Westermann,
2879 473 2919 530 ς.
2953 473 3028 517 42.
3065 489 3108 531 p.
3144 473 3217 517 90.

629 535 829 595 leyer,
869 533 911 590 S.
960 531 1206 579 xxxvnt.
1256 545 1300 590 p.
1353 531 1461 574 253.
1527 529 1771 582 Ellendt,
1822 530 1862 588 §-
1907 530 1997 583 21,
2045 543 2089 590 p.
2140 531 2214 575 45.
2280 529 2441 585 Bahr,
2474 531 2514 589 ς.
2556 530 2659 575 197.
2699 531 2748 575 Τ.
2785 532 2845 576 11.
2881 548 2924 591 p.
2957 535 3036 580 22.
3067 534 3223 595 quibus

629 597 809 641 addatur
845 595 908 638 do
956 595 1203 647 litones,
1249 595 1333 640 Vie
1380 592 1434 635 de
1478 594 1686 644 Scaurus,
1737 606 1847 649 pour
1895 594 2024 635 servir
2068 592 2122 636 de
2165 594 2433 651 supplement
2475 607 2555 636 aux
2601 594 2823 637 liemoires
2867 597 2995 639 ecrits
3025 612 3101 655 par
3129 598 3224 640 lui-

626 661 778 702 meme.
814 658 881 702 in:
917 655 1140 701 Hemoires
1171 656 1224 699 de
1256 654 1422 699 l'Acad.
1460 654 1532 698 des
1562 655 1752 713 inscript.
1789 661 1832 697 et
1863 654 2156 699 belles-lettres
2186 655 2236 698 Τ.
2273 655 2430 702 XXIV.
2467 670 2515 714 p.
2549 655 2814 701 235-260.

1661 776 2177 821 Fron-ento.

1818 862 1942 897 ιιι.
2012 862 2041 896 1.

701 958 885 1019 (Valer.
920 956 1049 1001 Max.
1085 954 1140 998 L.
1176 951 1269 997 IV.
1302 967 1340 998 e.
1377 954 1420 996 4.
1460 951 1553 1010 11.)
1618 953 1676 996 Μ.
1713 959 1857 997 autem
1888 952 2074 995 Scaurus
2105 953 2355 1010 quantulam
2383 968 2408 996 a
2444 962 2563 1011 patre
2598 954 2874 999 hereditatem
2906 955 3147 1013 acceperit,
3184 956 3226 996 in

629 1023 767 1079 primo
796 1022 905 1064 libro
952 1032 1124 1069 eorum,
1158 1031 1264 1075 quos
1295 1014 1349 1057 de
1382 1015 1482 1061 Vita
1525 1016 1612 1058 Sua
1641 1016 1835 1072 scripsit,
1868 1014 2014 1058 refert.
2080 1014 2151 1063 Ait
2184 1016 2297 1058 enim
2327 1015 2407 1058 sibi
2440 1016 2590 1059 decem
2620 1018 2706 1061 sola
2740 1019 2974 1076 mancipia,
3004 1024 3227 1075 totumque

630 1097 803 1127 censum
853 1082 1045 1141 quinque
1094 1085 1224 1138 atque
1281 1078 1456 1135 triginta
1514 1078 1695 1120 millium
1758 1077 1939 1120 numum
1999 1077 2210 1121 relictum.
2293 1078 2343 1121 ln
2390 1076 2470 1120 hac
2516 1078 2586 1120 ille
2635 1081 2816 1138 pecunia
2857 1080 3026 1124 futurus
3067 1085 3231 1123 senatus

634 1149 831 1204 princeps
863 1146 1047 1187 nutritus
1079 1149 1141 1183 est
1169 1142 1355 1198 spiritus.
1778 1198 1805 1231 L
1970 1200 1986 1232 1
2009 1200 2025 1232 1
2048 1199 2064 1232 1

1830 1210 1842 1231 1
1867 1210 1900 1232 .-
2067 1223 2077 1232 .

698 1290 968 1349 (Charisius
1000 1289 1055 1330 L.
1091 1287 1133 1329 I.
1165 1302 1210 1344 p.
1252 1288 1354 1328 119.
1389 1282 1610 1343 Ριιιεοῑι.)
1665 1286 2076 1342 Vectigaliorum--
2121 1287 2421 1343 vectigalium.
2471 1287 2519 1329 P.
2567 1299 2742 1345 quoque
2793 1287 2978 1329 Rutilius
3025 1287 3078 1330 de
3135 1291 3231 1334 Vita

630 1358 716 1397 Sua
751 1353 827 1395 lib.
867 1353 944 1396 lV.
983 1352 1169 1393 Scaurus
1205 1348 1280 1391 lib.
1330 1348 1409 1393 111.
1460 1346 1743 1403 vectigalium
1792 1363 1834 1390 se
1884 1351 2022 1391 minus
2064 1349 2242 1391 fructos.

697 1415 959 1476 (Diomedes
992 1414 1046 1457 L.
1083 1413 1124 1456 I.
1151 1427 1204 1470 p.
1239 1413 1347 1455 371.
1380 1407 1572 1468 Putsch.)
1640 1410 1774 1464 Sino,
1822 1412 1917 1455 sini.
1984 1413 2093 1454 Item
2143 1413 2329 1455 Scaurus
2378 1410 2431 1454 de
2472 1411 2572 1455 Vita
2621 1412 2708 1456 Sua
2755 1413 2837 1456 111.
2887 1414 3101 1457 Praelium
3146 1428 3230 1457 non

629 1479 960 1604 8.ῃι(ῧὲ3;ῑεάεε
993 1539 1048 1582 L.
1084 1539 1125 1581 I.
1155 1552 1205 1594 p.
1240 1534 1367 1594 381.)
1435 1536 1617 1578 Scaurus
1649 1534 1702 1576 de
1733 1535 1829 1579 Vita
1861 1535 1946 1577 Sua
1977 1535 2057 1577 111.
2086 1542 2338 1592 poteratur
2360 1537 2487 1580 etiam
2518 1537 2626 1580 sicut
2653 1539 2872 1595 ponitur
2903 1539 3083 1583 dictitat.

695 1651 729 1706 †
767 1642 1030 1707 (Diomedes
1062 1642 1117 1686 L.
1153 1640 1195 1685 I.
1223 1655 1274 1698 p.
1310 1637 1437 1697 373.)
1504 1639 1630 1695 Figor
1660 1637 1861 1696 ambigue
1895 1637 2132 1682 declinatur
2165 1638 2280 1697 apud
2312 1646 2473 1683 veteres
2503 1647 2695 1699 tempore
2738 1642 2950 1700 perfecto,
3004 1646 3232 1702 reperimus

632 1714 747 1755 enim
777 1709 904 1752 fictus
933 1715 973 1749 et
996 1706 1120 1749 fixus.
1185 1705 1369 1745 Scaurus
1401 1702 1454 1743 de
1488 1702 1588 1745 Vita
1621 1702 1736 1744 Sua:
1769 1703 1971 1758 Sagittis,
1999 1703 2168 1760 inquit,
2204 1702 2424 1745 confictus.

693 1777 727 1829 †
765 1771 976 1830 (Servius
1007 1767 1071 1810 ad
1105 1765 1251 1823 Virg.
1286 1761 1402 1806 Aen.
1435 1761 1552 1806 XII.
1593 1761 1714 1821 121.)
1781 1765 1963 1805 Scaurus
1996 1764 2049 1805 de
2083 1765 2177 1809 Vita
2221 1764 2339 1806 Sua:
2381 1765 2432 1805 In
2471 1779 2623 1821 agrum
2665 1765 2848 1808 hostium
2894 1771 3022 1818 veni,
3070 1773 3231 1827 pilatim

630 1837 863 1880 exercitum
897 1830 1031 1882 duxi,
1066 1830 1097 1872 i.
1132 1843 1169 1870 e.
1202 1826 1380 1868 strictim
1415 1833 1456 1868 et
1486 1825 1629 1868 dense.
3057 1873 3060 1876 Α

702 1900 736 1955 †
773 1895 1051 1955 (Frontinus
1081 1889 1290 1947 Strateg.
1328 1889 1381 1930 L.
1395 1886 1478 1932 IV
1474 1917 1488 1931 .
1522 1903 1559 1930 c.
1581 1890 1624 1930 3.
1663 1885 1757 1944 13.)
1826 1888 2016 1929 Universi
2042 1899 2216 1943 quoque
2241 1887 2447 1930 exercitus
2473 1888 2667 1932 notabilis
2681 1903 2805 1947 saepe
2836 1893 2919 1934 ruit
2945 1896 3203 1938 continentia
3221 1929 3232 1948 ,

629 1962 755 2004 sicuti
792 1960 907 2010 eius,
954 1957 1031 2014 qui
1072 1954 1150 1996 sub
1193 1953 1250 1994 M.
1296 1952 1455 1994 Scauro
1497 1950 1669 1993 meruit.
1735 1949 1929 2006 Namque
1978 1949 2207 1991 memoriae
2250 1947 2420 1991 tradidit
2461 1951 2674 2002 Scaurus,
2726 1954 2977 2010 pomiferam
3006 1957 3229 2009 arborem,

630 2037 759 2082 quam
802 2022 850 2063 in
893 2018 1002 2077 pede
1042 2022 1276 2059 castrorum
1316 2013 1456 2056 fuerat
1503 2012 1723 2069 complexa
1770 2011 1975 2062 metatio,
2027 2018 2191 2068 postero
2231 2010 2327 2062 die,
2362 2010 2547 2055 abeunte
2580 2014 2792 2068 exercitu,
2824 2016 2991 2061 intactis
3023 2019 3234 2063 fructibus

628 2088 833 2129 relictam.

706 2183 866 2219 Frontini
889 2181 1008 2216 locum
1030 2176 1073 2212 ad
1096 2175 1205 2211 libros
1229 2174 1268 2209 de
1294 2173 1333 2210 7
1332 2175 1385 2208 ita
1407 2184 1474 2209 sua
1497 2172 1724 2209 ret-rendum
1747 2183 1821 2207 esse
1846 2173 1917 2206 iam
1940 2173 2135 2218 suspicatur
2157 2171 2303 2217 Pighius
2326 2175 2365 2208 in
2389 2174 2517 2210 Anu-l.
2540 2174 2641 2211 nom.
2668 2177 2710 2211 Τ.
2733 2177 2795 2212 111.
2820 2190 2856 2225 p.
2880 2179 2958 2213 103.

1598 2302 1637 2357 §.
1674 2302 1716 2343 2.
1785 2302 1831 2345 P.
1865 2301 2075 2345 Rumms
2106 2303 2265 2346 Rorns.

693 2437 899 2498 sequitur
950 2434 998 2477 P.
1049 2430 1235 2474 Rutilius
1281 2428 1443 2478 Rufus,
1489 2426 1651 2470 Scauro
1693 2426 1813 2468 annis
1861 2425 1949 2467 fere
2000 2432 2094 2468 octo
2137 2426 2275 2469 minor
2289 2443 2302 2482 ;
2351 2430 2427 2487 qui
2458 2429 2573 2488 apud
2606 2430 2850 2475 Ciceronem
2881 2433 2933 2477 de
2966 2434 3083 2481 Orat.
3111 2438 3231 2484 1..1.·

630 2520 669 2546 ρ,
715 2504 792 2545 53.
834 2498 943 2541 229.
990 2492 1250 2551 exemplum
1290 2491 1578 2533 innocentiae
1626 2496 1830 2539 vocatur,
1882 2503 1970 2546 quo
2015 2503 2143 2531 nemo
2185 2505 2324 2548 neque
2352 2492 2590 2551 integrior
2618 2502 2724 2537 erae
2751 2497 2806 2537 in
2834 2498 3052 2551 civitate,
3088 2515 3228 2559 noque

631 2565 865 2612 sanctior,
930 2566 970 2602 et
1026 2570 1156 2615 quem
1215 2553 1401 2599 Velleius
1460 2552 1507 2595 L.
1563 2551 1623 2593 11.
1673 2565 1711 2594 c.
1763 2551 1833 2594 13.
1884 2550 2069 2608 appellat
2112 2552 2272 2594 virum
2324 2568 2414 2596 non
2468 2555 2614 2599 seculi
2660 2557 2766 2609 eui,
2814 2558 2894 2601 ced
2930 2563 3079 2603 omnis
3127 2564 3230 2604 aevi

632 2628 878 2683 optimum.
942 2621 1066 2662 Hunc
1104 2616 1219 2660 enim
1266 2615 1319 2657 de
1359 2615 1443 2657 vita
1488 2628 1563 2656 sua
1606 2613 1842 2668 scripsisse,
1885 2612 2090 2668 probatur
2115 2613 2263 2656 eodem
2298 2615 2403 2667 illo,
2435 2616 2669 2674 quodiam
2701 2619 2950 2671 citavimus,
2991 2625 3225 2665 testimonio

632 2688 770 2733 Taciti
802 2687 847 2729 in
878 2682 1026 2741 Agric.
1058 2694 1097 2726 c.
1133 2680 1176 2723 1.
1206 2684 1298 2722 tum
1332 2690 1430 2720 vero
1464 2690 1512 2720 ex
1536 2673 1863 2726 Grammaticis,
1901 2673 1978 2734 qui
2005 2672 2104 2718 inde
2133 2674 2294 2734 aliquot
2326 2686 2596 2723 servaverunt
2626 2679 2880 2739 fragmenta.

694 2749 783 2795 Sed
817 2747 899 2790 hoc
931 2743 1082 2790 Rutilii
1115 2756 1219 2800 opus
1238 2773 1250 2793 ,
1296 2738 1410 2799 quod
1442 2746 1483 2781 et
1518 2738 1687 2781 Latine
1734 2738 1938 2794 scriptum
1971 2744 2012 2779 et
2042 2738 2266 2781 minimum
2296 2742 2498 2801 quinque
2527 2741 2670 2785 libris
2694 2744 2820 2787 fuisse
2845 2746 3194 2805 comprehensum
3216 2781 3226 2799 ,

631 2820 809 2872 apparet
860 2824 910 2850 ex
956 2806 1135 2848 Charisio
1163 2805 1210 2845 L.
1244 2805 1280 2844 1.
1315 2818 1360 2859 p.
1397 2803 1456 2843 96
1483 2810 1526 2842 et
1558 2803 1663 2842 112.
1697 2816 1782 2841 non
1812 2799 2161 2841 confundendum
2194 2810 2253 2843 est
2287 2818 2387 2844 cum
2419 2806 2503 2845 alio
2536 2806 2721 2847 eiusdem
2764 2811 2946 2850 auctoris
2978 2810 3110 2858 libro.
3144 2826 3230 2867 quo

634 2875 798 2932 scripsit
825 2871 909 2923 τὴν
936 2866 1195 2921 Ῥωμαϊκὴν
1211 2862 1433 2919 Ἱστορίαν
1452 2859 1752 2918 τῇἜλλήνων
1782 2865 1920 2917 φωνῇ.
1943 2868 1991 2906 ut
2017 2862 2074 2906 ait
2102 2860 2344 2908 Athenaeus
2376 2865 2421 2910 L.
2456 2864 2535 2912 lv.
2567 2881 2609 2923 p.
2647 2867 2751 2912 168.
2787 2868 2838 2926 D.
2868 2869 2917 2915 L.
2943 2870 3017 2917 vl.
3045 2889 3087 2929 p.
3124 2873 3181 2915 27
3190 2874 3232 2915 4.

636 2941 684 2985 C.
711 2938 760 2983 L.
803 2933 903 2980 XII.
938 2947 983 2991 p.
1021 2930 1127 2975 543.
1155 2927 1208 2974 A.
1242 2928 1362 2972 cuius
1392 2940 1489 2985 pars
1520 2924 1688 2970 videtur
1720 2924 1846 2969 ruisse
1878 2923 2098 2971 Historia
2124 2923 2257 2971 Belli
2281 2923 2573 2974 Numantini
2584 2963 2596 2982 ‚
2631 2930 2703 2975 cui
2729 2931 2913 2977 Rutilius
2936 2933 3131 2979 interfuit
3155 2935 3234 2980 sub

634 3001 868 3059 Scipione,
916 3001 965 3038 ut
1008 2992 1155 3035 scribit
1191 2991 1409 3048 Appianas
1450 2990 1500 3033 L.
1543 2989 1623 3034 vt.
1673 2988 1726 3029 de
1767 2987 1877 3030 Reb.
1921 2989 2092 3046 Hispan.
2134 3002 2173 3031 c.
2224 2990 2299 3033 88.
2342 2991 2368 3031 ὀ
2413 2989 2460 3032 δὲ
2491 2993 2696 3035 Σκιπίων
2729 2992 2986 3037 Ῥουτίλιον
3020 2995 3231 3051 ‘Pacem

636 3058 892 3118 συγγραφέα
931 3054 1072 3099 τῶνδε
1124 3054 1215 3096 τῶν
1259 3052 1414 3107 ἔργων,
1460 3053 1557 3093 τότε
1598 3047 1942 3107 χιλιαρχοῦντα,
1977 3049 2171 3094 ἐκέλευσε
2216 3050 2426 3109 τέσσαρας
2476 3053 2644 3097 ἱππέων
2694 3054 2793 3106 ἴλας
2839 3055 3066 3113 λαβόντα,
3117 3059 3234 3101 οἰνα-

637 3123 808 3170 στεῒλαι
876 3120 977 3169 τούς
1039 3113 1348 3174 ἐνοχλοῦντας.
1393 3130 1433 3157 κ.
1481 3128 1522 3157 τ.
1572 3111 1612 3158 λ,
1656 3113 1736 3156 cfr.
1775 3112 1865 3157 Cic.
1920 3113 1973 3156 de
2014 3115 2122 3172 Rep.
2168 3113 2215 3159 L.
2262 3115 2297 3159 1.
2347 3131 2387 3161 c.
2435 3119 2506 3160 11.
2572 3117 2795 3163 Praeterea
2842 3120 3059 3173 Rutilius,
3102 3125 3235 3167 cuiue

635 3185 1023 3235 adolescentiam,
1089 3187 1139 3225 ut
1194 3178 1341 3223 Cicero
1397 3175 1540 3220 scribit
1587 3176 1640 3221 de
1684 3175 1807 3222 Offic.
1851 3177 1904 3223 L.
1948 3177 2009 3221 11.
2044 3192 2085 3223 c.
2135 3179 2209 3222 13.
2246 3180 2319 3224 47.
2368 3179 2432 3224 ad
2471 3182 2730 3240 opinionem
2782 3189 2825 3225 et
2871 3183 3153 3230 innocentiae
3191 3195 3234 3230 et

636 3254 767 3295 iuris
821 3247 1042 3290 ecientiaae
1100 3242 1160 3285 P.
1216 3239 1373 3284 Mucii
1433 3237 1668 3283 Scaevolae
1722 3239 2054 3282 commendavit
2110 3239 2299 3293 domuc,
2352 3244 2477 3285 etiam
2510 3243 2564 3285 de
2613 3245 2712 3286 Iure
2751 3246 2914 3303 scripsit
2955 3248 3112 3302 libros;
3160 3256 3234 3305 ⁶²ss

636 3314 828 3357 Panaetii
872 3309 1042 3351 auditor
1087 3319 1224 3365 quum
1274 3310 1406 3353 esset,
1458 3302 1538 3343 fuit
1580 3317 1725 3359 prope
1756 3301 1995 3360 perfectae
2041 3305 2094 3346 in
2124 3301 2318 3355 Stoicis,
2353 3313 2456 3348 teste
2484 3307 2687 3349 Cicerone
2718 3308 2763 3348 in
2790 3308 2909 3349 Brut.
2945 3323 2984 3352 c.
3017 3312 3091 3352 30.
3131 3314 3235 3352 114.

638 3387 681 3420 et
724 3375 778 3417 de
827 3372 912 3416 Off.
953 3371 1000 3413 1..
1044 3369 1127 3411 ΙΙΙ.
1176 3382 1217 3411 c.
1261 3366 1307 3410 2.
1361 3365 1434 3408 10.
1477 3362 1564 3407 Csr.
1595 3363 1835 3421 Lyndenius
1868 3364 1920 3408 de
1949 3366 2150 3409 Panaetio
2183 3383 2226 3423 p.
2256 3369 2314 3411 52
2340 3384 2407 3427 sq.
2471 3368 2539 3411 Ad
2569 3367 2853 3428 eumdemque
2883 3371 3065 3416 refertur
3100 3376 3233 3415 oratio

640 3440 694 3483 dc
738 3434 869 3479 modo
911 3429 1255 3489 aedificiorum,
1303 3443 1433 3486 quam
1473 3425 1688 3483 Augustus
1728 3428 1836 3471 tanti
1864 3428 2127 3482 aestimavit,
2160 3437 2208 3472 ut
2240 3446 2333 3473 eam
2368 3430 2543 3474 Senatui
2576 3438 2706 3475 totam
2739 3424 2971 3478 recitaverit
3004 3443 3046 3477 et
3079 3438 3236 3493 populo

639 3515 766 3561 saepe
799 3512 876 3558 per
906 3493 1094 3541 edictum
1121 3491 1274 3544 fece-rit
1306 3496 1452 3536 notam
1472 3523 1485 3545 ,
1524 3494 1630 3534 teste
1673 3489 1875 3535 Suetonio
1902 3490 1947 3536 in
1977 3490 2091 3551 Aug.
2127 3505 2167 3537 c.
2203 3492 2278 3537 89.

691 3656 755 3703 st)
780 3625 905 3691 Crucis
929 3653 1031 3700 ιὶςιο
1053 3652 1188 3709 utimur
1211 3650 1255 3686 ad
1277 3649 1511 3691 indicandum
1535 3646 1744 3695 rnament-
1766 3658 1841 3683 esse
1865 3647 1958 3683 sedis
1980 3648 2143 3684 incertae.
