<?xml version="1.0" encoding="UTF-8"?>
<!DOCTYPE html PUBLIC "-//W3C//DTD XHTML 1.0 Transitional//EN"
    "http://www.w3.org/TR/xhtml1/DTD/xhtml1-transitional.dtd">
<html xmlns="http://www.w3.org/1999/xhtml" xml:lang="en" lang="en">
 <head>
  <title>
</title>
<meta http-equiv="Content-Type" content="text/html;charset=utf-8" />
  <meta name='ocr-system' content='tesseract 3.04.00' />
  <meta name='ocr-capabilities' content='ocr_page ocr_carea ocr_par ocr_line ocrx_word'/>
</head>
<body>
  <div class='ocr_page' id='page_1' title='image "4777346_0051.png"; bbox 0 0 3442 4094; ppageno 0'>
   <div class='ocr_carea' id='block_1_1' title="bbox 0 0 146 219">
    <p class='ocr_par' dir='ltr' id='par_1_1' title="bbox 0 0 146 219">
     <span class='ocr_line' id='line_1_1' title="bbox 0 0 146 219; baseline 0 3875"><span class='ocrx_word' id='word_1_1' title='bbox 0 0 146 219; x_wconf 95' lang='lat' dir='ltr'> </span> 
     </span>
    </p>
   </div>
   <div class='ocr_carea' id='block_1_2' title="bbox 1530 151 1597 202">
    <p class='ocr_par' dir='ltr' id='par_1_2' title="bbox 1530 151 1597 202">
     <span class='ocr_line' id='line_1_2' title="bbox 1530 151 1597 202; baseline 0 0"><span class='ocrx_word' id='word_1_2' title='bbox 1530 151 1597 202; x_wconf 73' lang='lat'>43</span> 
     </span>
    </p>
   </div>
   <div class='ocr_carea' id='block_1_3' title="bbox 234 283 2858 3727">
    <p class='ocr_par' dir='ltr' id='par_1_3' title="bbox 258 283 2858 1034">
     <span class='ocr_line' id='line_1_3' title="bbox 258 283 2858 349; baseline 0.001 -14"><span class='ocrx_word' id='word_1_3' title='bbox 258 289 523 349; x_wconf 55' lang='lat' dir='ltr'>impetrarim</span> <span class='ocrx_word' id='word_1_4' title='bbox 571 284 644 328; x_wconf 86' lang='lat' dir='ltr'>cui</span> <span class='ocrx_word' id='word_1_5' title='bbox 693 296 847 328; x_wconf 85' lang='lat' dir='ltr'>nomen</span> <span class='ocrx_word' id='word_1_6' title='bbox 895 283 1079 328; x_wconf 87' lang='lat' dir='ltr'>inditum</span> <span class='ocrx_word' id='word_1_7' title='bbox 1123 299 1173 327; x_wconf 84' lang='lat' dir='ltr'>ex</span> <span class='ocrx_word' id='word_1_8' title='bbox 1222 284 1427 329; x_wconf 86' lang='lat' dir='ltr'>vocabulo</span> <span class='ocrx_word' id='word_1_9' title='bbox 1472 286 1613 343; x_wconf 85' lang='lat' dir='ltr'>ipsius.</span> <span class='ocrx_word' id='word_1_10' title='bbox 1678 283 1875 329; x_wconf 77' lang='lat' dir='ltr'>Claudius</span> <span class='ocrx_word' id='word_1_11' title='bbox 1922 292 2090 338; x_wconf 80' lang='lat' dir='ltr'>autem,</span> <span class='ocrx_word' id='word_1_12' title='bbox 2140 299 2275 344; x_wconf 87' lang='lat' dir='ltr'>quum</span> <span class='ocrx_word' id='word_1_13' title='bbox 2321 286 2576 344; x_wconf 81' lang='lat' dir='ltr'>Agrippinae</span> <span class='ocrx_word' id='word_1_14' title='bbox 2620 292 2858 336; x_wconf 71' lang='lat' dir='ltr'><strong>actionibus</strong></span> 
     </span>
     <span class='ocr_line' id='line_1_4' title="bbox 263 346 2850 407; baseline 0.001 -15"><span class='ocrx_word' id='word_1_15' title='bbox 263 368 361 400; x_wconf 67' lang='lat' dir='ltr'>mx</span> <span class='ocrx_word' id='word_1_16' title='bbox 424 349 611 392; x_wconf 78' lang='lat' dir='ltr'>iuremus</span> <span class='ocrx_word' id='word_1_17' title='bbox 672 355 804 400; x_wconf 79' lang='lat' dir='ltr'>esset,</span> <span class='ocrx_word' id='word_1_18' title='bbox 863 347 1084 405; x_wconf 82' lang='lat' dir='ltr'>filiumque</span> <span class='ocrx_word' id='word_1_19' title='bbox 1146 362 1272 390; x_wconf 83' lang='lat' dir='ltr'>suum</span> <span class='ocrx_word' id='word_1_20' title='bbox 1329 349 1620 391; x_wconf 84' lang='lat' dir='ltr'>Britannicum</span> <span class='ocrx_word' id='word_1_21' title='bbox 1684 346 1829 405; x_wconf 87' lang='lat' dir='ltr'>(quem</span> <span class='ocrx_word' id='word_1_22' title='bbox 1879 349 1993 405; x_wconf 84' lang='lat' dir='ltr'>ipsa,</span> <span class='ocrx_word' id='word_1_23' title='bbox 2071 349 2225 391; x_wconf 78' lang='lat' dir='ltr'><strong>Neroni</strong></span> <span class='ocrx_word' id='word_1_24' title='bbox 2274 364 2350 392; x_wconf 89' lang='lat' dir='ltr'>suo</span> <span class='ocrx_word' id='word_1_25' title='bbox 2404 351 2629 406; x_wconf 88' lang='lat' dir='ltr'>imperium</span> <span class='ocrx_word' id='word_1_26' title='bbox 2676 368 2850 407; x_wconf 86' lang='lat' dir='ltr'>parans,</span> 
     </span>
     <span class='ocr_line' id='line_1_5' title="bbox 261 406 2852 470; baseline -0 -12"><span class='ocrx_word' id='word_1_27' title='bbox 261 412 455 460; x_wconf 67' lang='lat' dir='ltr'>comalio</span> <span class='ocrx_word' id='word_1_28' title='bbox 500 410 753 470; x_wconf 83' lang='lat' dir='ltr'>plerumque</span> <span class='ocrx_word' id='word_1_29' title='bbox 797 409 1016 467; x_wconf 86' lang='lat' dir='ltr'>adspectui</span> <span class='ocrx_word' id='word_1_30' title='bbox 1062 406 1349 467; x_wconf 78' lang='lat' dir='ltr'>subducebat)</span> <span class='ocrx_word' id='word_1_31' title='bbox 1393 409 1564 466; x_wconf 77' lang='lat' dir='ltr'>imperii</span> <span class='ocrx_word' id='word_1_32' title='bbox 1606 423 1881 453; x_wconf 80' lang='lat' dir='ltr'>successorem</span> <span class='ocrx_word' id='word_1_33' title='bbox 1927 411 2133 467; x_wconf 78' lang='lat' dir='ltr'><strong>cogitaret</strong></span> <span class='ocrx_word' id='word_1_34' title='bbox 2178 412 2444 470; x_wconf 85' lang='lat' dir='ltr'>relinquere,</span> <span class='ocrx_word' id='word_1_35' title='bbox 2471 420 2753 470; x_wconf 70' lang='lat' dir='ltr'>praeventus</span> <span class='ocrx_word' id='word_1_36' title='bbox 2785 424 2852 458; x_wconf 77' lang='lat' dir='ltr'>eet</span> 
     </span>
     <span class='ocr_line' id='line_1_6' title="bbox 262 470 2850 536; baseline 0.002 -19"><span class='ocrx_word' id='word_1_37' title='bbox 262 475 320 521; x_wconf 70' lang='lat' dir='ltr'>ab</span> <span class='ocrx_word' id='word_1_38' title='bbox 363 474 666 534; x_wconf 74' lang='lat' dir='ltr'>Agrippina,</span> <span class='ocrx_word' id='word_1_39' title='bbox 714 480 765 517; x_wconf 88' lang='lat' dir='ltr'>ut</span> <span class='ocrx_word' id='word_1_40' title='bbox 812 480 956 517; x_wconf 83' lang='lat' dir='ltr'>narrat</span> <span class='ocrx_word' id='word_1_41' title='bbox 999 472 1227 516; x_wconf 76' lang='lat' dir='ltr'>Suetonius</span> <span class='ocrx_word' id='word_1_42' title='bbox 1269 472 1312 514; x_wconf 89' lang='lat' dir='ltr'>in</span> <span class='ocrx_word' id='word_1_43' title='bbox 1358 470 1507 515; x_wconf 84' lang='lat' dir='ltr'>Claud.</span> <span class='ocrx_word' id='word_1_44' title='bbox 1552 485 1592 513; x_wconf 91' lang='lat' dir='ltr'>c.</span> <span class='ocrx_word' id='word_1_45' title='bbox 1645 472 1717 514; x_wconf 86' lang='lat'>44.</span> <span class='ocrx_word' id='word_1_46' title='bbox 1751 486 1916 530; x_wconf 73' lang='lat' dir='ltr'>quam,</span> <span class='ocrx_word' id='word_1_47' title='bbox 1944 480 2137 531; x_wconf 84' lang='lat' dir='ltr'>praeter</span> <span class='ocrx_word' id='word_1_48' title='bbox 2170 473 2301 528; x_wconf 77' lang='lat' dir='ltr'>haec,</span> <span class='ocrx_word' id='word_1_49' title='bbox 2336 477 2617 528; x_wconf 68' lang='lat' dir='ltr'>conscicntia</span> <span class='ocrx_word' id='word_1_50' title='bbox 2649 491 2850 536; x_wconf 78' lang='lat' dir='ltr'>quoque,</span> 
     </span>
     <span class='ocr_line' id='line_1_7' title="bbox 261 533 2853 595; baseline -0 -13"><span class='ocrx_word' id='word_1_51' title='bbox 261 553 339 582; x_wconf 78' lang='lat' dir='ltr'>nee</span> <span class='ocrx_word' id='word_1_52' title='bbox 388 538 546 579; x_wconf 77' lang='lat' dir='ltr'>minue</span> <span class='ocrx_word' id='word_1_53' title='bbox 593 537 820 580; x_wconf 72' lang='lat' dir='ltr'>delatores</span> <span class='ocrx_word' id='word_1_54' title='bbox 862 535 1121 578; x_wconf 73' lang='lat' dir='ltr'>multorum</span> <span class='ocrx_word' id='word_1_55' title='bbox 1166 535 1421 576; x_wconf 70' lang='lat' dir='ltr'>criminum</span> <span class='ocrx_word' id='word_1_56' title='bbox 1469 533 1745 592; x_wconf 78' lang='lat' dir='ltr'>arguebant.</span> <span class='ocrx_word' id='word_1_57' title='bbox 1809 534 1881 577; x_wconf 89' lang='lat' dir='ltr'>Et</span> <span class='ocrx_word' id='word_1_58' title='bbox 1924 550 2084 578; x_wconf 77' lang='lat' dir='ltr'>veneno</span> <span class='ocrx_word' id='word_1_59' title='bbox 2130 537 2315 595; x_wconf 81' lang='lat' dir='ltr'>quidem</span> <span class='ocrx_word' id='word_1_60' title='bbox 2361 541 2583 591; x_wconf 71' lang='lat' dir='ltr'>occisum,</span> <span class='ocrx_word' id='word_1_61' title='bbox 2618 543 2853 583; x_wconf 79' lang='lat' dir='ltr'>convenit.-</span> 
     </span>
     <span class='ocr_line' id='line_1_8' title="bbox 259 595 2853 659; baseline 0.002 -16"><span class='ocrx_word' id='word_1_62' title='bbox 259 601 342 645; x_wconf 73' lang='lat' dir='ltr'>uhi</span> <span class='ocrx_word' id='word_1_63' title='bbox 388 608 562 653; x_wconf 79' lang='lat' dir='ltr'>autem,</span> <span class='ocrx_word' id='word_1_64' title='bbox 613 608 657 642; x_wconf 89' lang='lat' dir='ltr'>et</span> <span class='ocrx_word' id='word_1_65' title='bbox 695 614 784 657; x_wconf 84' lang='lat' dir='ltr'>per</span> <span class='ocrx_word' id='word_1_66' title='bbox 833 613 966 659; x_wconf 72' lang='lat' dir='ltr'>quem</span> <span class='ocrx_word' id='word_1_67' title='bbox 1011 596 1152 648; x_wconf 78' lang='lat' dir='ltr'>dato,</span> <span class='ocrx_word' id='word_1_68' title='bbox 1201 595 1451 654; x_wconf 71' lang='lat' dir='ltr'>discrepat.</span> <span class='ocrx_word' id='word_1_69' title='bbox 1517 596 1720 655; x_wconf 74' lang='lat' dir='ltr'>Quidam</span> <span class='ocrx_word' id='word_1_70' title='bbox 1767 596 1989 651; x_wconf 78' lang='lat' dir='ltr'>tradunt,</span> <span class='ocrx_word' id='word_1_71' title='bbox 2039 600 2253 656; x_wconf 77' lang='lat' dir='ltr'>epulanti</span> <span class='ocrx_word' id='word_1_72' title='bbox 2300 602 2352 642; x_wconf 81' lang='lat' dir='ltr'>in</span> <span class='ocrx_word' id='word_1_73' title='bbox 2394 617 2497 644; x_wconf 86' lang='lat' dir='ltr'>arce</span> <span class='ocrx_word' id='word_1_74' title='bbox 2544 618 2647 646; x_wconf 80' lang='lat' dir='ltr'>eum</span> <span class='ocrx_word' id='word_1_75' title='bbox 2691 619 2853 648; x_wconf 74' lang='lat' dir='ltr'>sacer-</span> 
     </span>
     <span class='ocr_line' id='line_1_9' title="bbox 261 659 2852 725; baseline 0.004 -25"><span class='ocrx_word' id='word_1_76' title='bbox 261 664 467 716; x_wconf 73' lang='lat' dir='ltr'>dotibus,</span> <span class='ocrx_word' id='word_1_77' title='bbox 527 678 616 721; x_wconf 74' lang='lat' dir='ltr'>per</span> <span class='ocrx_word' id='word_1_78' title='bbox 678 662 927 712; x_wconf 79' lang='lat' dir='ltr'><strong><em>Halotum,</em></strong></span> <span class='ocrx_word' id='word_1_79' title='bbox 992 659 1264 717; x_wconf 65' lang='lat' dir='ltr'>spadonem,</span> <span class='ocrx_word' id='word_1_80' title='bbox 1316 666 1755 718; x_wconf 70' lang='lat' dir='ltr'>praegustatorem.-</span> <span class='ocrx_word' id='word_1_81' title='bbox 1815 660 1934 712; x_wconf 79' lang='lat' dir='ltr'>alii,</span> <span class='ocrx_word' id='word_1_82' title='bbox 1995 661 2237 704; x_wconf 72' lang='lat' dir='ltr'>domestico</span> <span class='ocrx_word' id='word_1_83' title='bbox 2284 665 2513 715; x_wconf 80' lang='lat' dir='ltr'>convivio,</span> <span class='ocrx_word' id='word_1_84' title='bbox 2559 681 2645 722; x_wconf 84' lang='lat' dir='ltr'>per</span> <span class='ocrx_word' id='word_1_85' title='bbox 2694 670 2852 725; x_wconf 74' lang='lat' dir='ltr'>ipsam</span> 
     </span>
     <span class='ocr_line' id='line_1_10' title="bbox 262 721 2849 788; baseline 0 -20"><span class='ocrx_word' id='word_1_86' title='bbox 262 728 613 787; x_wconf 77' lang='lat' dir='ltr'>Agrippinam,</span> <span class='ocrx_word' id='word_1_87' title='bbox 663 741 777 784; x_wconf 78' lang='lat' dir='ltr'>quae</span> <span class='ocrx_word' id='word_1_88' title='bbox 824 724 1022 766; x_wconf 78' lang='lat' dir='ltr'>boletum</span> <span class='ocrx_word' id='word_1_89' title='bbox 1069 721 1348 777; x_wconf 67' lang='lat' dir='ltr'>medicatam·</span> <span class='ocrx_word' id='word_1_90' title='bbox 1395 722 1670 764; x_wconf 76' lang='lat' dir='ltr'>avidieeimo</span> <span class='ocrx_word' id='word_1_91' title='bbox 1715 721 1922 764; x_wconf 77' lang='lat' dir='ltr'>ciborum</span> <span class='ocrx_word' id='word_1_92' title='bbox 1971 723 2144 765; x_wconf 80' lang='lat' dir='ltr'>talium</span> <span class='ocrx_word' id='word_1_93' title='bbox 2190 724 2435 768; x_wconf 76' lang='lat' dir='ltr'>obtulerat.</span> <span class='ocrx_word' id='word_1_94' title='bbox 2500 727 2650 785; x_wconf 86' lang='lat' dir='ltr'>Itaque</span> <span class='ocrx_word' id='word_1_95' title='bbox 2695 732 2849 788; x_wconf 82' lang='lat' dir='ltr'>Agrip-</span> 
     </span>
     <span class='ocr_line' id='line_1_11' title="bbox 261 784 2853 847; baseline 0.001 -15"><span class='ocrx_word' id='word_1_96' title='bbox 261 792 388 846; x_wconf 82' lang='lat' dir='ltr'>pina,</span> <span class='ocrx_word' id='word_1_97' title='bbox 446 789 600 832; x_wconf 87' lang='lat' dir='ltr'>tabulis</span> <span class='ocrx_word' id='word_1_98' title='bbox 657 788 898 830; x_wconf 87' lang='lat' dir='ltr'>testamenti</span> <span class='ocrx_word' id='word_1_99' title='bbox 938 785 1100 828; x_wconf 81' lang='lat' dir='ltr'>Claudii</span> <span class='ocrx_word' id='word_1_100' title='bbox 1149 785 1202 828; x_wconf 89' lang='lat' dir='ltr'>de</span> <span class='ocrx_word' id='word_1_101' title='bbox 1252 785 1394 828; x_wconf 83' lang='lat' dir='ltr'>medio</span> <span class='ocrx_word' id='word_1_102' title='bbox 1440 785 1639 835; x_wconf 87' lang='lat' dir='ltr'>sublatis,</span> <span class='ocrx_word' id='word_1_103' title='bbox 1684 784 1910 841; x_wconf 86' lang='lat' dir='ltr'>imperium</span> <span class='ocrx_word' id='word_1_104' title='bbox 1950 788 2112 827; x_wconf 87' lang='lat' dir='ltr'>curavit</span> <span class='ocrx_word' id='word_1_105' title='bbox 2159 786 2315 829; x_wconf 76' lang='lat' dir='ltr'>deferri</span> <span class='ocrx_word' id='word_1_106' title='bbox 2363 789 2407 830; x_wconf 89' lang='lat' dir='ltr'>in</span> <span class='ocrx_word' id='word_1_107' title='bbox 2450 790 2685 841; x_wconf 86' lang='lat' dir='ltr'>Neronem,</span> <span class='ocrx_word' id='word_1_108' title='bbox 2734 808 2853 847; x_wconf 87' lang='lat' dir='ltr'>prae-</span> 
     </span>
     <span class='ocr_line' id='line_1_12' title="bbox 261 846 2850 908; baseline 0 -13"><span class='ocrx_word' id='word_1_109' title='bbox 261 854 387 895; x_wconf 85' lang='lat' dir='ltr'>terito</span> <span class='ocrx_word' id='word_1_110' title='bbox 432 852 701 901; x_wconf 88' lang='lat' dir='ltr'>Britannico,</span> <span class='ocrx_word' id='word_1_111' title='bbox 752 863 883 906; x_wconf 89' lang='lat' dir='ltr'>quem</span> <span class='ocrx_word' id='word_1_112' title='bbox 932 849 1093 904; x_wconf 89' lang='lat' dir='ltr'>optimo</span> <span class='ocrx_word' id='word_1_113' title='bbox 1141 849 1236 890; x_wconf 91' lang='lat' dir='ltr'>iure</span> <span class='ocrx_word' id='word_1_114' title='bbox 1284 846 1510 891; x_wconf 74' lang='lat' dir='ltr'>succedere</span> <span class='ocrx_word' id='word_1_115' title='bbox 1553 846 1799 902; x_wconf 85' lang='lat' dir='ltr'>oportebat,</span> <span class='ocrx_word' id='word_1_116' title='bbox 1849 847 1951 904; x_wconf 87' lang='lat' dir='ltr'>quia</span> <span class='ocrx_word' id='word_1_117' title='bbox 2000 846 2108 889; x_wconf 90' lang='lat' dir='ltr'>filius</span> <span class='ocrx_word' id='word_1_118' title='bbox 2157 856 2246 891; x_wconf 87' lang='lat' dir='ltr'>erat</span> <span class='ocrx_word' id='word_1_119' title='bbox 2293 850 2496 891; x_wconf 89' lang='lat' dir='ltr'>naturalis</span> <span class='ocrx_word' id='word_1_120' title='bbox 2537 859 2578 892; x_wconf 91' lang='lat' dir='ltr'>et</span> <span class='ocrx_word' id='word_1_121' title='bbox 2612 853 2850 908; x_wconf 83' lang='lat' dir='ltr'>legitimus.</span> 
     </span>
     <span class='ocr_line' id='line_1_13' title="bbox 263 908 2855 971; baseline 0 -14"><span class='ocrx_word' id='word_1_122' title='bbox 263 914 513 971; x_wconf 87' lang='lat' dir='ltr'>valebatque</span> <span class='ocrx_word' id='word_1_123' title='bbox 577 912 737 955; x_wconf 86' lang='lat' dir='ltr'>viribus</span> <span class='ocrx_word' id='word_1_124' title='bbox 801 911 987 966; x_wconf 85' lang='lat' dir='ltr'>corporis</span> <span class='ocrx_word' id='word_1_125' title='bbox 1042 918 1084 953; x_wconf 91' lang='lat' dir='ltr'>et</span> <span class='ocrx_word' id='word_1_126' title='bbox 1134 910 1237 953; x_wconf 88' lang='lat' dir='ltr'>flore</span> <span class='ocrx_word' id='word_1_127' title='bbox 1285 911 1433 953; x_wconf 85' lang='lat' dir='ltr'>aetatis</span> <span class='ocrx_word' id='word_1_128' title='bbox 1480 908 1665 966; x_wconf 86' lang='lat' dir='ltr'>vigebat.</span> <span class='ocrx_word' id='word_1_129' title='bbox 1731 908 1858 952; x_wconf 88' lang='lat' dir='ltr'>Cuius</span> <span class='ocrx_word' id='word_1_130' title='bbox 1903 916 2044 952; x_wconf 91' lang='lat' dir='ltr'>tamen</span> <span class='ocrx_word' id='word_1_131' title='bbox 2096 910 2156 952; x_wconf 88' lang='lat' dir='ltr'>rei</span> <span class='ocrx_word' id='word_1_132' title='bbox 2203 911 2397 954; x_wconf 82' lang='lat' dir='ltr'>futurum</span> <span class='ocrx_word' id='word_1_133' title='bbox 2443 919 2558 964; x_wconf 88' lang='lat' dir='ltr'>erat,</span> <span class='ocrx_word' id='word_1_134' title='bbox 2604 922 2652 955; x_wconf 91' lang='lat' dir='ltr'>ut</span> <span class='ocrx_word' id='word_1_135' title='bbox 2700 915 2855 971; x_wconf 83' lang='lat' dir='ltr'>Agrip-</span> 
     </span>
     <span class='ocr_line' id='line_1_14' title="bbox 263 974 903 1034; baseline -0.009 -14"><span class='ocrx_word' id='word_1_136' title='bbox 263 978 407 1034; x_wconf 93' lang='lat' dir='ltr'>pinam</span> <span class='ocrx_word' id='word_1_137' title='bbox 441 976 624 1018; x_wconf 84' lang='lat' dir='ltr'>maxime</span> <span class='ocrx_word' id='word_1_138' title='bbox 655 974 903 1032; x_wconf 86' lang='lat' dir='ltr'>poeniteret.</span> 
     </span>
    </p>

    <p class='ocr_par' dir='ltr' id='par_1_4' title="bbox 258 1035 2855 1907">
     <span class='ocr_line' id='line_1_15' title="bbox 324 1035 2855 1095; baseline 0.002 -14"><span class='ocrx_word' id='word_1_139' title='bbox 324 1040 430 1082; x_wconf 86' lang='lat' dir='ltr'>Nam</span> <span class='ocrx_word' id='word_1_140' title='bbox 480 1038 685 1095; x_wconf 86' lang='lat' dir='ltr'>principio</span> <span class='ocrx_word' id='word_1_141' title='bbox 732 1036 907 1095; x_wconf 88' lang='lat' dir='ltr'>quidem</span> <span class='ocrx_word' id='word_1_142' title='bbox 957 1036 1093 1088; x_wconf 91' lang='lat' dir='ltr'>Nero,</span> <span class='ocrx_word' id='word_1_143' title='bbox 1145 1037 1220 1094; x_wconf 85' lang='lat' dir='ltr'>qui</span> <span class='ocrx_word' id='word_1_144' title='bbox 1267 1035 1568 1093; x_wconf 67' lang='lat' dir='ltr'>septemdecim</span> <span class='ocrx_word' id='word_1_145' title='bbox 1609 1049 1741 1079; x_wconf 85' lang='lat' dir='ltr'>annos</span> <span class='ocrx_word' id='word_1_146' title='bbox 1788 1041 1911 1077; x_wconf 86' lang='lat' dir='ltr'>natus</span> <span class='ocrx_word' id='word_1_147' title='bbox 1956 1041 2069 1086; x_wconf 90' lang='lat' dir='ltr'>erat,</span> <span class='ocrx_word' id='word_1_148' title='bbox 2116 1043 2219 1078; x_wconf 90' lang='lat' dir='ltr'>teste</span> <span class='ocrx_word' id='word_1_149' title='bbox 2261 1037 2465 1080; x_wconf 76' lang='lat' dir='ltr'>Suetonio</span> <span class='ocrx_word' id='word_1_150' title='bbox 2507 1038 2551 1079; x_wconf 92' lang='lat' dir='ltr'>in</span> <span class='ocrx_word' id='word_1_151' title='bbox 2594 1039 2691 1082; x_wconf 89' lang='lat' dir='ltr'>Ner.</span> <span class='ocrx_word' id='word_1_152' title='bbox 2734 1055 2773 1083; x_wconf 90' lang='lat' dir='ltr'>c.</span> <span class='ocrx_word' id='word_1_153' title='bbox 2810 1044 2855 1085; x_wconf 90' lang='grc'>9.</span> 
     </span>
     <span class='ocr_line' id='line_1_16' title="bbox 264 1098 2853 1157; baseline 0.001 -13"><span class='ocrx_word' id='word_1_154' title='bbox 264 1115 493 1144; x_wconf 70' lang='lat' dir='ltr'>summam</span> <span class='ocrx_word' id='word_1_155' title='bbox 526 1101 731 1143; x_wconf 75' lang='lat' dir='ltr'>omnium</span> <span class='ocrx_word' id='word_1_156' title='bbox 750 1114 908 1142; x_wconf 84' lang='lat' dir='ltr'>rerum</span> <span class='ocrx_word' id='word_1_157' title='bbox 933 1099 1236 1155; x_wconf 80' lang='lat' dir='ltr'>publicarum</span> <span class='ocrx_word' id='word_1_158' title='bbox 1256 1100 1650 1156; x_wconf 79' lang='lat' dir='ltr'>privatarumque</span> <span class='ocrx_word' id='word_1_159' title='bbox 1672 1098 1900 1155; x_wconf 71' lang='lat' dir='ltr'>permisit</span> <span class='ocrx_word' id='word_1_160' title='bbox 1929 1099 2100 1149; x_wconf 29' lang='lat' dir='ltr'>matri-3</span> <span class='ocrx_word' id='word_1_161' title='bbox 2130 1113 2294 1157; x_wconf 90' lang='lat' dir='ltr'>eaque,</span> <span class='ocrx_word' id='word_1_162' title='bbox 2331 1108 2378 1142; x_wconf 89' lang='lat' dir='ltr'>ut</span> <span class='ocrx_word' id='word_1_163' title='bbox 2412 1101 2489 1142; x_wconf 91' lang='lat' dir='ltr'>Dio</span> <span class='ocrx_word' id='word_1_164' title='bbox 2518 1099 2637 1143; x_wconf 81' lang='lat' dir='ltr'>addit</span> <span class='ocrx_word' id='word_1_165' title='bbox 2669 1102 2716 1146; x_wconf 90' lang='lat' dir='ltr'>L.</span> <span class='ocrx_word' id='word_1_166' title='bbox 2743 1103 2853 1148; x_wconf 83' lang='lat' dir='ltr'><strong>LXI.</strong></span> 
     </span>
     <span class='ocr_line' id='line_1_17' title="bbox 262 1161 2853 1222; baseline 0.001 -18"><span class='ocrx_word' id='word_1_167' title='bbox 262 1178 303 1207; x_wconf 87' lang='lat' dir='ltr'>c.</span> <span class='ocrx_word' id='word_1_168' title='bbox 335 1165 378 1206; x_wconf 88' lang='lat'>3.</span> <span class='ocrx_word' id='word_1_169' title='bbox 414 1178 456 1219; x_wconf 89' lang='lat' dir='ltr'>p.</span> <span class='ocrx_word' id='word_1_170' title='bbox 507 1164 612 1204; x_wconf 87' lang='lat'><strong>690.</strong></span> <span class='ocrx_word' id='word_1_171' title='bbox 656 1163 704 1205; x_wconf 85' lang='lat' dir='ltr'>E.</span> <span class='ocrx_word' id='word_1_172' title='bbox 737 1161 1014 1219; x_wconf 88' lang='lat' dir='ltr'>respondebat</span> <span class='ocrx_word' id='word_1_173' title='bbox 1041 1161 1214 1217; x_wconf 85' lang='lat' dir='ltr'>legatis,</span> <span class='ocrx_word' id='word_1_174' title='bbox 1248 1161 1472 1219; x_wconf 86' lang='lat' dir='ltr'>literasque</span> <span class='ocrx_word' id='word_1_175' title='bbox 1502 1161 1556 1204; x_wconf 88' lang='lat' dir='ltr'>ad</span> <span class='ocrx_word' id='word_1_176' title='bbox 1589 1161 1766 1218; x_wconf 87' lang='lat' dir='ltr'>populos</span> <span class='ocrx_word' id='word_1_177' title='bbox 1798 1166 1840 1202; x_wconf 90' lang='lat' dir='ltr'>et</span> <span class='ocrx_word' id='word_1_178' title='bbox 1866 1161 2077 1217; x_wconf 86' lang='lat' dir='ltr'>principes</span> <span class='ocrx_word' id='word_1_179' title='bbox 2110 1167 2152 1203; x_wconf 88' lang='lat' dir='ltr'>et</span> <span class='ocrx_word' id='word_1_180' title='bbox 2181 1176 2300 1219; x_wconf 88' lang='lat' dir='ltr'>reges</span> <span class='ocrx_word' id='word_1_181' title='bbox 2328 1161 2533 1204; x_wconf 89' lang='lat' dir='ltr'>mittebat.</span> <span class='ocrx_word' id='word_1_182' title='bbox 2601 1164 2684 1206; x_wconf 86' lang='lat' dir='ltr'>Sed</span> <span class='ocrx_word' id='word_1_183' title='bbox 2718 1180 2853 1222; x_wconf 88' lang='lat' dir='ltr'>quum</span> 
     </span>
     <span class='ocr_line' id='line_1_18' title="bbox 264 1224 2850 1282; baseline 0.001 -15"><span class='ocrx_word' id='word_1_184' title='bbox 264 1225 346 1268; x_wconf 89' lang='lat' dir='ltr'>hoc</span> <span class='ocrx_word' id='word_1_185' title='bbox 394 1226 487 1268; x_wconf 89' lang='lat' dir='ltr'>satis</span> <span class='ocrx_word' id='word_1_186' title='bbox 534 1225 606 1267; x_wconf 89' lang='lat' dir='ltr'>diu</span> <span class='ocrx_word' id='word_1_187' title='bbox 653 1226 816 1267; x_wconf 81' lang='lat' dir='ltr'>factum</span> <span class='ocrx_word' id='word_1_188' title='bbox 863 1231 991 1275; x_wconf 86' lang='lat' dir='ltr'>esset,</span> <span class='ocrx_word' id='word_1_189' title='bbox 1039 1225 1098 1266; x_wconf 85' lang='lat' dir='ltr'>ita</span> <span class='ocrx_word' id='word_1_190' title='bbox 1148 1225 1286 1282; x_wconf 84' lang='lat' dir='ltr'>pergit</span> <span class='ocrx_word' id='word_1_191' title='bbox 1335 1225 1441 1276; x_wconf 88' lang='lat' dir='ltr'>Dio,</span> <span class='ocrx_word' id='word_1_192' title='bbox 1491 1224 1602 1267; x_wconf 81' lang='lat' dir='ltr'>ferre</span> <span class='ocrx_word' id='word_1_193' title='bbox 1648 1224 1832 1280; x_wconf 87' lang='lat' dir='ltr'>graviter</span> <span class='ocrx_word' id='word_1_194' title='bbox 1881 1230 2113 1280; x_wconf 89' lang='lat' dir='ltr'>coeperunt</span> <span class='ocrx_word' id='word_1_195' title='bbox 2157 1224 2319 1267; x_wconf 77' lang='lat' dir='ltr'>Seneca</span> <span class='ocrx_word' id='word_1_196' title='bbox 2362 1232 2405 1267; x_wconf 91' lang='lat' dir='ltr'>et</span> <span class='ocrx_word' id='word_1_197' title='bbox 2436 1225 2595 1267; x_wconf 90' lang='lat' dir='ltr'>Burrus</span> <span class='ocrx_word' id='word_1_198' title='bbox 2628 1227 2850 1280; x_wconf 78' lang='lat' dir='ltr'>Afranius,</span> 
     </span>
     <span class='ocr_line' id='line_1_19' title="bbox 263 1286 2851 1344; baseline -0 -11"><span class='ocrx_word' id='word_1_199' title='bbox 263 1288 454 1333; x_wconf 83' lang='lat' dir='ltr'>homines</span> <span class='ocrx_word' id='word_1_200' title='bbox 508 1288 796 1343; x_wconf 80' lang='lat' dir='ltr'>sapientissimi</span> <span class='ocrx_word' id='word_1_201' title='bbox 845 1294 886 1328; x_wconf 91' lang='lat' dir='ltr'>et</span> <span class='ocrx_word' id='word_1_202' title='bbox 935 1286 1050 1342; x_wconf 87' lang='lat' dir='ltr'>apud</span> <span class='ocrx_word' id='word_1_203' title='bbox 1098 1287 1307 1330; x_wconf 82' lang='lat' dir='ltr'>Neronem</span> <span class='ocrx_word' id='word_1_204' title='bbox 1358 1288 1562 1329; x_wconf 85' lang='lat' dir='ltr'>maximae</span> <span class='ocrx_word' id='word_1_205' title='bbox 1610 1286 1900 1328; x_wconf 77' lang='lat' dir='ltr'>auctoritatis:</span> <span class='ocrx_word' id='word_1_206' title='bbox 1947 1300 2130 1343; x_wconf 90' lang='lat' dir='ltr'>quorum</span> <span class='ocrx_word' id='word_1_207' title='bbox 2176 1288 2282 1329; x_wconf 86' lang='lat' dir='ltr'>alter</span> <span class='ocrx_word' id='word_1_208' title='bbox 2331 1289 2604 1344; x_wconf 86' lang='lat' dir='ltr'>praetorianis</span> <span class='ocrx_word' id='word_1_209' title='bbox 2648 1290 2851 1332; x_wconf 86' lang='lat' dir='ltr'>militibus</span> 
     </span>
     <span class='ocr_line' id='line_1_20' title="bbox 261 1345 2852 1409; baseline 0 -15"><span class='ocrx_word' id='word_1_210' title='bbox 261 1357 480 1407; x_wconf 81' lang='lat' dir='ltr'>praeerat,</span> <span class='ocrx_word' id='word_1_211' title='bbox 529 1350 633 1393; x_wconf 88' lang='lat' dir='ltr'>alter</span> <span class='ocrx_word' id='word_1_212' title='bbox 679 1349 826 1392; x_wconf 88' lang='lat' dir='ltr'>doctor</span> <span class='ocrx_word' id='word_1_213' title='bbox 866 1351 953 1392; x_wconf 88' lang='lat' dir='ltr'>eius</span> <span class='ocrx_word' id='word_1_214' title='bbox 1001 1355 1105 1393; x_wconf 89' lang='lat' dir='ltr'>erat.</span> <span class='ocrx_word' id='word_1_215' title='bbox 1181 1349 1333 1407; x_wconf 87' lang='lat' dir='ltr'>Itaque</span> <span class='ocrx_word' id='word_1_216' title='bbox 1381 1348 1648 1392; x_wconf 82' lang='lat' dir='ltr'>commodam</span> <span class='ocrx_word' id='word_1_217' title='bbox 1698 1345 1963 1391; x_wconf 76' lang='lat' dir='ltr'>occasionem</span> <span class='ocrx_word' id='word_1_218' title='bbox 2010 1349 2149 1400; x_wconf 89' lang='lat' dir='ltr'>nacti,</span> <span class='ocrx_word' id='word_1_219' title='bbox 2199 1348 2301 1392; x_wconf 93' lang='lat' dir='ltr'>huic</span> <span class='ocrx_word' id='word_1_220' title='bbox 2351 1351 2411 1393; x_wconf 89' lang='lat' dir='ltr'>rei</span> <span class='ocrx_word' id='word_1_221' title='bbox 2461 1349 2591 1393; x_wconf 89' lang='lat' dir='ltr'>finem</span> <span class='ocrx_word' id='word_1_222' title='bbox 2638 1352 2852 1409; x_wconf 87' lang='lat' dir='ltr'>imposue—</span> 
     </span>
     <span class='ocr_line' id='line_1_21' title="bbox 259 1410 2851 1471; baseline 0.001 -15"><span class='ocrx_word' id='word_1_223' title='bbox 259 1419 371 1458; x_wconf 65' lang='lat' dir='ltr'>runta</span> <span class='ocrx_word' id='word_1_224' title='bbox 439 1412 551 1470; x_wconf 84' lang='lat' dir='ltr'>Ergo</span> <span class='ocrx_word' id='word_1_225' title='bbox 595 1412 830 1470; x_wconf 85' lang='lat' dir='ltr'>Agrippina</span> <span class='ocrx_word' id='word_1_226' title='bbox 879 1412 1062 1470; x_wconf 86' lang='lat' dir='ltr'>graviter</span> <span class='ocrx_word' id='word_1_227' title='bbox 1109 1411 1248 1455; x_wconf 82' lang='lat' dir='ltr'>ferens</span> <span class='ocrx_word' id='word_1_228' title='bbox 1295 1411 1413 1470; x_wconf 86' lang='lat' dir='ltr'>quod</span> <span class='ocrx_word' id='word_1_229' title='bbox 1461 1425 1547 1455; x_wconf 84' lang='lat' dir='ltr'>non</span> <span class='ocrx_word' id='word_1_230' title='bbox 1590 1411 1769 1468; x_wconf 83' lang='lat' dir='ltr'>amplius</span> <span class='ocrx_word' id='word_1_231' title='bbox 1817 1410 1861 1453; x_wconf 91' lang='lat' dir='ltr'>in</span> <span class='ocrx_word' id='word_1_232' title='bbox 1910 1423 2005 1462; x_wconf 85' lang='lat' dir='ltr'>eos,</span> <span class='ocrx_word' id='word_1_233' title='bbox 2054 1412 2131 1468; x_wconf 88' lang='lat' dir='ltr'>qui</span> <span class='ocrx_word' id='word_1_234' title='bbox 2174 1412 2218 1454; x_wconf 94' lang='lat' dir='ltr'>in</span> <span class='ocrx_word' id='word_1_235' title='bbox 2260 1412 2412 1468; x_wconf 84' lang='lat' dir='ltr'>palatio</span> <span class='ocrx_word' id='word_1_236' title='bbox 2448 1419 2594 1466; x_wconf 87' lang='lat' dir='ltr'>erant,</span> <span class='ocrx_word' id='word_1_237' title='bbox 2628 1414 2851 1471; x_wconf 88' lang='lat' dir='ltr'>imperium</span> 
     </span>
     <span class='ocr_line' id='line_1_22' title="bbox 262 1474 2853 1533; baseline 0.001 -15"><span class='ocrx_word' id='word_1_238' title='bbox 262 1484 451 1529; x_wconf 88' lang='lat' dir='ltr'>teneret,</span> <span class='ocrx_word' id='word_1_239' title='bbox 502 1476 638 1533; x_wconf 87' lang='lat' dir='ltr'>primo</span> <span class='ocrx_word' id='word_1_240' title='bbox 684 1475 911 1517; x_wconf 89' lang='lat' dir='ltr'>admonere</span> <span class='ocrx_word' id='word_1_241' title='bbox 957 1474 1165 1517; x_wconf 87' lang='lat' dir='ltr'>Neronem</span> <span class='ocrx_word' id='word_1_242' title='bbox 1209 1476 1398 1532; x_wconf 81' lang='lat' dir='ltr'>coepit,-</span> <span class='ocrx_word' id='word_1_243' title='bbox 1425 1489 1605 1533; x_wconf 88' lang='lat' dir='ltr'>eosque,</span> <span class='ocrx_word' id='word_1_244' title='bbox 1654 1475 1729 1532; x_wconf 89' lang='lat' dir='ltr'>qui</span> <span class='ocrx_word' id='word_1_245' title='bbox 1773 1487 1871 1515; x_wconf 91' lang='lat' dir='ltr'>cum</span> <span class='ocrx_word' id='word_1_246' title='bbox 1919 1474 2010 1530; x_wconf 89' lang='lat' dir='ltr'>ipso</span> <span class='ocrx_word' id='word_1_247' title='bbox 2061 1475 2357 1527; x_wconf 81' lang='lat' dir='ltr'>versabantur,</span> <span class='ocrx_word' id='word_1_248' title='bbox 2409 1477 2562 1531; x_wconf 90' lang='lat' dir='ltr'>partim</span> <span class='ocrx_word' id='word_1_249' title='bbox 2607 1478 2853 1521; x_wconf 88' lang='lat' dir='ltr'>verberibus</span> 
     </span>
     <span class='ocr_line' id='line_1_23' title="bbox 260 1536 2849 1598; baseline 0.001 -17"><span class='ocrx_word' id='word_1_250' title='bbox 260 1541 461 1596; x_wconf 87' lang='lat' dir='ltr'>castigat,</span> <span class='ocrx_word' id='word_1_251' title='bbox 513 1540 665 1595; x_wconf 87' lang='lat' dir='ltr'>partim</span> <span class='ocrx_word' id='word_1_252' title='bbox 709 1538 858 1595; x_wconf 88' lang='lat' dir='ltr'>procul</span> <span class='ocrx_word' id='word_1_253' title='bbox 907 1545 1089 1581; x_wconf 86' lang='lat' dir='ltr'>amovet.</span> <span class='ocrx_word' id='word_1_254' title='bbox 1155 1539 1252 1580; x_wconf 86' lang='lat' dir='ltr'>Post</span> <span class='ocrx_word' id='word_1_255' title='bbox 1299 1538 1374 1580; x_wconf 90' lang='lat' dir='ltr'>ubi</span> <span class='ocrx_word' id='word_1_256' title='bbox 1417 1552 1460 1580; x_wconf 88' lang='lat' dir='ltr'>se</span> <span class='ocrx_word' id='word_1_257' title='bbox 1509 1536 1618 1579; x_wconf 86' lang='lat' dir='ltr'>nihil</span> <span class='ocrx_word' id='word_1_258' title='bbox 1664 1536 1868 1593; x_wconf 88' lang='lat' dir='ltr'>proficere</span> <span class='ocrx_word' id='word_1_259' title='bbox 1913 1537 2139 1592; x_wconf 85' lang='lat' dir='ltr'>cognovit,</span> <span class='ocrx_word' id='word_1_260' title='bbox 2182 1538 2317 1579; x_wconf 89' lang='lat' dir='ltr'>multo</span> <span class='ocrx_word' id='word_1_261' title='bbox 2351 1539 2518 1594; x_wconf 87' lang='lat' dir='ltr'>gravius</span> <span class='ocrx_word' id='word_1_262' title='bbox 2550 1539 2669 1590; x_wconf 88' lang='lat' dir='ltr'>tulit,</span> <span class='ocrx_word' id='word_1_263' title='bbox 2705 1541 2849 1598; x_wconf 89' lang='lat' dir='ltr'>aitque</span> 
     </span>
     <span class='ocr_line' id='line_1_24' title="bbox 260 1598 2851 1659; baseline 0 -15"><span class='ocrx_word' id='word_1_264' title='bbox 260 1603 365 1659; x_wconf 85' lang='lat' dir='ltr'>Ego</span> <span class='ocrx_word' id='word_1_265' title='bbox 412 1602 784 1657; x_wconf 81' lang='lat' dir='ltr'>imperatorem</span> <span class='ocrx_word' id='word_1_266' title='bbox 835 1609 882 1642; x_wconf 89' lang='lat' dir='ltr'>te</span> <span class='ocrx_word' id='word_1_267' title='bbox 930 1600 1060 1642; x_wconf 78' lang='lat' dir='ltr'>feci:</span> <span class='ocrx_word' id='word_1_268' title='bbox 1104 1607 1323 1658; x_wconf 84' lang='lat' dir='ltr'>tamquam</span> <span class='ocrx_word' id='word_1_269' title='bbox 1355 1607 1490 1657; x_wconf 88' lang='lat' dir='ltr'>posset</span> <span class='ocrx_word' id='word_1_270' title='bbox 1517 1600 1555 1641; x_wconf 90' lang='lat' dir='ltr'>ei</span> <span class='ocrx_word' id='word_1_271' title='bbox 1587 1599 1870 1655; x_wconf 81' lang='lat' dir='ltr'>principatum</span> <span class='ocrx_word' id='word_1_272' title='bbox 1904 1598 2113 1639; x_wconf 81' lang='lat' dir='ltr'>arbitratu</span> <span class='ocrx_word' id='word_1_273' title='bbox 2145 1613 2220 1641; x_wconf 90' lang='lat' dir='ltr'>suo</span> <span class='ocrx_word' id='word_1_274' title='bbox 2270 1599 2488 1651; x_wconf 85' lang='lat' dir='ltr'>adimere,</span> <span class='ocrx_word' id='word_1_275' title='bbox 2539 1602 2752 1654; x_wconf 83' lang='lat' dir='ltr'>nesciens,</span> <span class='ocrx_word' id='word_1_276' title='bbox 2803 1612 2851 1645; x_wconf 89' lang='lat' dir='ltr'>ut</span> 
     </span>
     <span class='ocr_line' id='line_1_25' title="bbox 259 1662 2851 1718; baseline 0 -12"><span class='ocrx_word' id='word_1_277' title='bbox 259 1665 406 1706; x_wconf 86' lang='lat' dir='ltr'>scribit</span> <span class='ocrx_word' id='word_1_278' title='bbox 439 1665 517 1705; x_wconf 83' lang='lat' dir='ltr'>Dio</span> <span class='ocrx_word' id='word_1_279' title='bbox 547 1664 594 1705; x_wconf 91' lang='lat' dir='ltr'>L.</span> <span class='ocrx_word' id='word_1_280' title='bbox 629 1663 738 1704; x_wconf 94' lang='lat' dir='ltr'><strong>LXI.</strong></span> <span class='ocrx_word' id='word_1_281' title='bbox 774 1677 812 1703; x_wconf 93' lang='lat' dir='ltr'>c.</span> <span class='ocrx_word' id='word_1_282' title='bbox 851 1666 896 1704; x_wconf 87' lang='lat'>7.</span> <span class='ocrx_word' id='word_1_283' title='bbox 928 1677 969 1717; x_wconf 90' lang='lat' dir='ltr'>p.</span> <span class='ocrx_word' id='word_1_284' title='bbox 1004 1664 1109 1703; x_wconf 83' lang='lat'><strong>692.</strong></span> <span class='ocrx_word' id='word_1_285' title='bbox 1143 1663 1192 1704; x_wconf 84' lang='lat' dir='ltr'>E.</span> <span class='ocrx_word' id='word_1_286' title='bbox 1226 1676 1438 1704; x_wconf 87' lang='lat' dir='ltr'>summum</span> <span class='ocrx_word' id='word_1_287' title='bbox 1473 1662 1722 1718; x_wconf 87' lang='lat' dir='ltr'>imperium,</span> <span class='ocrx_word' id='word_1_288' title='bbox 1758 1667 1979 1717; x_wconf 86' lang='lat' dir='ltr'>postquam</span> <span class='ocrx_word' id='word_1_289' title='bbox 2006 1667 2065 1701; x_wconf 89' lang='lat' dir='ltr'>est</span> <span class='ocrx_word' id='word_1_290' title='bbox 2106 1675 2130 1701; x_wconf 83' lang='lat' dir='ltr'>a</span> <span class='ocrx_word' id='word_1_291' title='bbox 2165 1662 2328 1716; x_wconf 89' lang='lat' dir='ltr'>privato</span> <span class='ocrx_word' id='word_1_292' title='bbox 2359 1662 2545 1703; x_wconf 88' lang='lat' dir='ltr'>delatum</span> <span class='ocrx_word' id='word_1_293' title='bbox 2580 1664 2732 1715; x_wconf 88' lang='lat' dir='ltr'>alicui,</span> <span class='ocrx_word' id='word_1_294' title='bbox 2767 1674 2851 1706; x_wconf 88' lang='lat' dir='ltr'>sta·</span> 
     </span>
     <span class='ocr_line' id='line_1_26' title="bbox 258 1723 2845 1785; baseline 0.001 -18"><span class='ocrx_word' id='word_1_295' title='bbox 258 1727 333 1769; x_wconf 87' lang='lat' dir='ltr'>tim</span> <span class='ocrx_word' id='word_1_296' title='bbox 367 1725 549 1768; x_wconf 83' lang='lat' dir='ltr'>deficere</span> <span class='ocrx_word' id='word_1_297' title='bbox 582 1739 710 1775; x_wconf 87' lang='lat' dir='ltr'>eum,</span> <span class='ocrx_word' id='word_1_298' title='bbox 743 1725 819 1782; x_wconf 89' lang='lat' dir='ltr'>qui</span> <span class='ocrx_word' id='word_1_299' title='bbox 859 1724 1035 1775; x_wconf 86' lang='lat' dir='ltr'>detulit,</span> <span class='ocrx_word' id='word_1_300' title='bbox 1070 1731 1111 1765; x_wconf 91' lang='lat' dir='ltr'>et</span> <span class='ocrx_word' id='word_1_301' title='bbox 1143 1724 1198 1766; x_wconf 88' lang='lat' dir='ltr'>ad</span> <span class='ocrx_word' id='word_1_302' title='bbox 1228 1739 1327 1766; x_wconf 90' lang='lat' dir='ltr'>eum</span> <span class='ocrx_word' id='word_1_303' title='bbox 1362 1724 1575 1767; x_wconf 82' lang='lat' dir='ltr'>transferri</span> <span class='ocrx_word' id='word_1_304' title='bbox 1604 1725 1680 1781; x_wconf 90' lang='lat' dir='ltr'>qui</span> <span class='ocrx_word' id='word_1_305' title='bbox 1709 1723 1899 1778; x_wconf 88' lang='lat' dir='ltr'>accepit,</span> <span class='ocrx_word' id='word_1_306' title='bbox 1933 1729 2080 1764; x_wconf 86' lang='lat' dir='ltr'>contra</span> <span class='ocrx_word' id='word_1_307' title='bbox 2114 1737 2239 1774; x_wconf 89' lang='lat' dir='ltr'>cum,</span> <span class='ocrx_word' id='word_1_308' title='bbox 2291 1725 2366 1781; x_wconf 90' lang='lat' dir='ltr'>qui</span> <span class='ocrx_word' id='word_1_309' title='bbox 2416 1723 2583 1767; x_wconf 88' lang='lat' dir='ltr'>detulit.</span> <span class='ocrx_word' id='word_1_310' title='bbox 2652 1728 2845 1785; x_wconf 86' lang='lat' dir='ltr'>Denique</span> 
     </span>
     <span class='ocr_line' id='line_1_27' title="bbox 258 1785 2848 1847; baseline 0.001 -17"><span class='ocrx_word' id='word_1_311' title='bbox 258 1790 397 1844; x_wconf 82' lang='lat' dir='ltr'>palam</span> <span class='ocrx_word' id='word_1_312' title='bbox 442 1789 622 1830; x_wconf 84' lang='lat' dir='ltr'>insanire</span> <span class='ocrx_word' id='word_1_313' title='bbox 667 1788 806 1843; x_wconf 85' lang='lat' dir='ltr'>coepit</span> <span class='ocrx_word' id='word_1_314' title='bbox 855 1788 992 1829; x_wconf 89' lang='lat' dir='ltr'>Nero:</span> <span class='ocrx_word' id='word_1_315' title='bbox 1043 1794 1305 1844; x_wconf 85' lang='lat' dir='ltr'>matremque</span> <span class='ocrx_word' id='word_1_316' title='bbox 1347 1802 1466 1830; x_wconf 85' lang='lat' dir='ltr'>suam</span> <span class='ocrx_word' id='word_1_317' title='bbox 1517 1795 1559 1829; x_wconf 86' lang='lat' dir='ltr'>et</span> <span class='ocrx_word' id='word_1_318' title='bbox 1605 1785 1765 1828; x_wconf 89' lang='lat' dir='ltr'>honore</span> <span class='ocrx_word' id='word_1_319' title='bbox 1815 1786 1931 1827; x_wconf 88' lang='lat' dir='ltr'>omni</span> <span class='ocrx_word' id='word_1_320' title='bbox 1974 1793 2015 1827; x_wconf 89' lang='lat' dir='ltr'>et</span> <span class='ocrx_word' id='word_1_321' title='bbox 2072 1793 2272 1841; x_wconf 84' lang='lat' dir='ltr'>potestate</span> <span class='ocrx_word' id='word_1_322' title='bbox 2323 1788 2525 1843; x_wconf 82' lang='lat' dir='ltr'>privavit3</span> <span class='ocrx_word' id='word_1_323' title='bbox 2575 1789 2848 1847; x_wconf 88' lang='lat' dir='ltr'>abductaque</span> 
     </span>
     <span class='ocr_line' id='line_1_28' title="bbox 261 1847 2094 1907; baseline -0.001 -14"><span class='ocrx_word' id='word_1_324' title='bbox 261 1851 443 1893; x_wconf 89' lang='lat' dir='ltr'>militum</span> <span class='ocrx_word' id='word_1_325' title='bbox 478 1857 520 1893; x_wconf 88' lang='lat' dir='ltr'>et</span> <span class='ocrx_word' id='word_1_326' title='bbox 551 1850 860 1892; x_wconf 89' lang='lat' dir='ltr'>Germanorum</span> <span class='ocrx_word' id='word_1_327' title='bbox 892 1849 1097 1899; x_wconf 85' lang='lat' dir='ltr'>statione,</span> <span class='ocrx_word' id='word_1_328' title='bbox 1131 1848 1412 1892; x_wconf 88' lang='lat' dir='ltr'>contubernio</span> <span class='ocrx_word' id='word_1_329' title='bbox 1445 1863 1617 1907; x_wconf 86' lang='lat' dir='ltr'>quoque</span> <span class='ocrx_word' id='word_1_330' title='bbox 1648 1862 1698 1891; x_wconf 88' lang='lat' dir='ltr'>ac</span> <span class='ocrx_word' id='word_1_331' title='bbox 1730 1847 1886 1904; x_wconf 81' lang='lat' dir='ltr'>palatio</span> <span class='ocrx_word' id='word_1_332' title='bbox 1918 1847 2094 1904; x_wconf 83' lang='lat' dir='ltr'>expulit.</span> 
     </span>
    </p>

    <p class='ocr_par' dir='ltr' id='par_1_5' title="bbox 249 1910 2846 2657">
     <span class='ocr_line' id='line_1_29' title="bbox 320 1910 2846 1969; baseline 0.001 -14"><span class='ocrx_word' id='word_1_333' title='bbox 320 1911 506 1955; x_wconf 87' lang='lat' dir='ltr'>Tandem</span> <span class='ocrx_word' id='word_1_334' title='bbox 566 1926 663 1955; x_wconf 84' lang='lat' dir='ltr'>vero</span> <span class='ocrx_word' id='word_1_335' title='bbox 708 1912 968 1969; x_wconf 85' lang='lat' dir='ltr'>Agrippinae</span> <span class='ocrx_word' id='word_1_336' title='bbox 1010 1911 1132 1953; x_wconf 86' lang='lat' dir='ltr'>minis</span> <span class='ocrx_word' id='word_1_337' title='bbox 1174 1926 1226 1954; x_wconf 89' lang='lat' dir='ltr'>ac</span> <span class='ocrx_word' id='word_1_338' title='bbox 1275 1912 1469 1955; x_wconf 84' lang='lat' dir='ltr'>violentia</span> <span class='ocrx_word' id='word_1_339' title='bbox 1514 1913 1700 1962; x_wconf 87' lang='lat' dir='ltr'>territus,</span> <span class='ocrx_word' id='word_1_340' title='bbox 1747 1911 1858 1953; x_wconf 91' lang='lat' dir='ltr'>Nero</span> <span class='ocrx_word' id='word_1_341' title='bbox 1903 1910 2044 1952; x_wconf 87' lang='lat' dir='ltr'>statuit</span> <span class='ocrx_word' id='word_1_342' title='bbox 2090 1910 2266 1968; x_wconf 89' lang='lat' dir='ltr'>perdere</span> <span class='ocrx_word' id='word_1_343' title='bbox 2312 1919 2507 1957; x_wconf 88' lang='lat' dir='ltr'>matrem.</span> <span class='ocrx_word' id='word_1_344' title='bbox 2583 1914 2633 1956; x_wconf 88' lang='lat' dir='ltr'>Et</span> <span class='ocrx_word' id='word_1_345' title='bbox 2680 1916 2846 1958; x_wconf 87' lang='lat' dir='ltr'>consul-</span> 
     </span>
     <span class='ocr_line' id='line_1_30' title="bbox 259 1974 2843 2033; baseline 0.001 -16"><span class='ocrx_word' id='word_1_346' title='bbox 259 1978 364 2018; x_wconf 83' lang='lat' dir='ltr'>tanti</span> <span class='ocrx_word' id='word_1_347' title='bbox 426 1975 600 2033; x_wconf 89' lang='lat' dir='ltr'>quidem</span> <span class='ocrx_word' id='word_1_348' title='bbox 661 1988 820 2018; x_wconf 88' lang='lat' dir='ltr'>veneno</span> <span class='ocrx_word' id='word_1_349' title='bbox 877 1975 1035 2017; x_wconf 85' lang='lat' dir='ltr'>faceret</span> <span class='ocrx_word' id='word_1_350' title='bbox 1095 1988 1149 2017; x_wconf 88' lang='lat' dir='ltr'>an</span> <span class='ocrx_word' id='word_1_351' title='bbox 1210 1975 1352 2026; x_wconf 76' lang='lat' dir='ltr'>ferro,</span> <span class='ocrx_word' id='word_1_352' title='bbox 1414 1976 1475 2018; x_wconf 90' lang='lat' dir='ltr'>vel</span> <span class='ocrx_word' id='word_1_353' title='bbox 1532 1989 1618 2033; x_wconf 88' lang='lat' dir='ltr'>qua</span> <span class='ocrx_word' id='word_1_354' title='bbox 1679 1975 1760 2017; x_wconf 86' lang='lat' dir='ltr'>alia</span> <span class='ocrx_word' id='word_1_355' title='bbox 1809 1974 1872 2025; x_wconf 90' lang='lat' dir='ltr'>vi,</span> <span class='ocrx_word' id='word_1_356' title='bbox 1918 1974 2138 2030; x_wconf 88' lang='lat' dir='ltr'>ingenium</span> <span class='ocrx_word' id='word_1_357' title='bbox 2186 1974 2340 2017; x_wconf 88' lang='lat' dir='ltr'>obtulit</span> <span class='ocrx_word' id='word_1_358' title='bbox 2388 1976 2593 2018; x_wconf 82' lang='lat' dir='ltr'>Anicetus</span> <span class='ocrx_word' id='word_1_359' title='bbox 2639 1977 2843 2030; x_wconf 88' lang='lat' dir='ltr'>libertus,</span> 
     </span>
     <span class='ocr_line' id='line_1_31' title="bbox 256 2037 2845 2095; baseline 0.002 -16"><span class='ocrx_word' id='word_1_360' title='bbox 256 2039 371 2080; x_wconf 86' lang='lat' dir='ltr'>classi</span> <span class='ocrx_word' id='word_1_361' title='bbox 419 2038 533 2094; x_wconf 86' lang='lat' dir='ltr'>apud</span> <span class='ocrx_word' id='word_1_362' title='bbox 579 2038 781 2079; x_wconf 79' lang='lat' dir='ltr'>Misenum</span> <span class='ocrx_word' id='word_1_363' title='bbox 830 2037 1063 2092; x_wconf 86' lang='lat' dir='ltr'>praefectus</span> <span class='ocrx_word' id='word_1_364' title='bbox 1108 2044 1150 2077; x_wconf 89' lang='lat' dir='ltr'>ct</span> <span class='ocrx_word' id='word_1_365' title='bbox 1196 2039 1402 2094; x_wconf 89' lang='lat' dir='ltr'>pueritiae</span> <span class='ocrx_word' id='word_1_366' title='bbox 1450 2039 1627 2080; x_wconf 84' lang='lat' dir='ltr'>Neronis</span> <span class='ocrx_word' id='word_1_367' title='bbox 1671 2037 1901 2086; x_wconf 85' lang='lat' dir='ltr'>educator,</span> <span class='ocrx_word' id='word_1_368' title='bbox 1953 2050 2003 2077; x_wconf 91' lang='lat' dir='ltr'>ac</span> <span class='ocrx_word' id='word_1_369' title='bbox 2051 2037 2208 2078; x_wconf 81' lang='lat' dir='ltr'>mutuis</span> <span class='ocrx_word' id='word_1_370' title='bbox 2250 2037 2354 2078; x_wconf 91' lang='lat' dir='ltr'>odiis</span> <span class='ocrx_word' id='word_1_371' title='bbox 2386 2038 2647 2095; x_wconf 85' lang='lat' dir='ltr'>Agrippinae</span> <span class='ocrx_word' id='word_1_372' title='bbox 2676 2042 2845 2084; x_wconf 83' lang='lat' dir='ltr'>invisus.</span> 
     </span>
     <span class='ocr_line' id='line_1_32' title="bbox 256 2099 2846 2160; baseline 0.002 -19"><span class='ocrx_word' id='word_1_373' title='bbox 256 2101 296 2142; x_wconf 84' lang='lat' dir='ltr'>Is</span> <span class='ocrx_word' id='word_1_374' title='bbox 343 2114 447 2158; x_wconf 86' lang='lat' dir='ltr'>ergo</span> <span class='ocrx_word' id='word_1_375' title='bbox 492 2100 643 2150; x_wconf 89' lang='lat' dir='ltr'>docet,</span> <span class='ocrx_word' id='word_1_376' title='bbox 692 2107 739 2141; x_wconf 93' lang='lat' dir='ltr'>ut</span> <span class='ocrx_word' id='word_1_377' title='bbox 786 2099 930 2141; x_wconf 88' lang='lat' dir='ltr'>scribit</span> <span class='ocrx_word' id='word_1_378' title='bbox 973 2099 1141 2140; x_wconf 87' lang='lat' dir='ltr'>Tacitus</span> <span class='ocrx_word' id='word_1_379' title='bbox 1188 2101 1303 2143; x_wconf 84' lang='lat' dir='ltr'><strong>Anu.</strong></span> <span class='ocrx_word' id='word_1_380' title='bbox 1348 2101 1396 2143; x_wconf 94' lang='lat' dir='ltr'><strong>L.</strong></span> <span class='ocrx_word' id='word_1_381' title='bbox 1437 2101 1553 2145; x_wconf 86' lang='lat' dir='ltr'><strong>XIV.</strong></span> <span class='ocrx_word' id='word_1_382' title='bbox 1602 2114 1642 2142; x_wconf 92' lang='lat' dir='ltr'>c.</span> <span class='ocrx_word' id='word_1_383' title='bbox 1694 2102 1737 2141; x_wconf 89' lang='lat'><strong>3.</strong></span> <span class='ocrx_word' id='word_1_384' title='bbox 1787 2113 1946 2140; x_wconf 75' lang='lat' dir='ltr'>navem</span> <span class='ocrx_word' id='word_1_385' title='bbox 1984 2113 2118 2155; x_wconf 78' lang='lat' dir='ltr'>pone</span> <span class='ocrx_word' id='word_1_386' title='bbox 2157 2101 2387 2155; x_wconf 80' lang='lat' dir='ltr'>componi,</span> <span class='ocrx_word' id='word_1_387' title='bbox 2435 2102 2567 2143; x_wconf 72' lang='lat' dir='ltr'>cuius</span> <span class='ocrx_word' id='word_1_388' title='bbox 2592 2117 2711 2158; x_wconf 76' lang='lat' dir='ltr'>pare</span> <span class='ocrx_word' id='word_1_389' title='bbox 2744 2106 2846 2160; x_wconf 72' lang='lat' dir='ltr'>ipsc</span> 
     </span>
     <span class='ocr_line' id='line_1_33' title="bbox 253 2159 2843 2221; baseline 0.002 -18"><span class='ocrx_word' id='word_1_390' title='bbox 253 2163 307 2203; x_wconf 76' lang='lat' dir='ltr'>in</span> <span class='ocrx_word' id='word_1_391' title='bbox 355 2163 485 2205; x_wconf 84' lang='lat' dir='ltr'>mari</span> <span class='ocrx_word' id='word_1_392' title='bbox 525 2177 612 2218; x_wconf 81' lang='lat' dir='ltr'>per</span> <span class='ocrx_word' id='word_1_393' title='bbox 658 2168 809 2203; x_wconf 79' lang='lat' dir='ltr'>artem</span> <span class='ocrx_word' id='word_1_394' title='bbox 855 2161 1031 2210; x_wconf 68' lang='lat' dir='ltr'>soluta,</span> <span class='ocrx_word' id='word_1_395' title='bbox 1083 2159 1331 2217; x_wconf 54' lang='lat' dir='ltr'>effunderet</span> <span class='ocrx_word' id='word_1_396' title='bbox 1377 2163 1617 2221; x_wconf 76' lang='lat' dir='ltr'>ignaram.</span> <span class='ocrx_word' id='word_1_397' title='bbox 1682 2162 1846 2203; x_wconf 89' lang='lat' dir='ltr'>Placuit</span> <span class='ocrx_word' id='word_1_398' title='bbox 1887 2162 2068 2203; x_wconf 86' lang='lat' dir='ltr'>sollertia</span> <span class='ocrx_word' id='word_1_399' title='bbox 2115 2162 2298 2214; x_wconf 84' lang='lat' dir='ltr'>Neroni3</span> <span class='ocrx_word' id='word_1_400' title='bbox 2351 2163 2427 2220; x_wconf 88' lang='lat' dir='ltr'>qui</span> <span class='ocrx_word' id='word_1_401' title='bbox 2461 2172 2679 2221; x_wconf 83' lang='lat' dir='ltr'>negotium</span> <span class='ocrx_word' id='word_1_402' title='bbox 2716 2168 2843 2208; x_wconf 87' lang='lat' dir='ltr'>iuter-</span> 
     </span>
     <span class='ocr_line' id='line_1_34' title="bbox 255 2222 2840 2283; baseline 0.002 -18"><span class='ocrx_word' id='word_1_403' title='bbox 255 2223 426 2267; x_wconf 87' lang='lat' dir='ltr'>ficiendi</span> <span class='ocrx_word' id='word_1_404' title='bbox 484 2232 661 2266; x_wconf 85' lang='lat' dir='ltr'>matrem</span> <span class='ocrx_word' id='word_1_405' title='bbox 724 2223 893 2266; x_wconf 85' lang='lat' dir='ltr'>tradidit</span> <span class='ocrx_word' id='word_1_406' title='bbox 951 2224 1145 2266; x_wconf 87' lang='lat' dir='ltr'>Aniceto.</span> <span class='ocrx_word' id='word_1_407' title='bbox 1224 2224 1307 2267; x_wconf 80' lang='lat' dir='ltr'>Sed</span> <span class='ocrx_word' id='word_1_408' title='bbox 1356 2224 1429 2267; x_wconf 85' lang='lat' dir='ltr'>has</span> <span class='ocrx_word' id='word_1_409' title='bbox 1476 2226 1641 2267; x_wconf 84' lang='lat' dir='ltr'>suturas</span> <span class='ocrx_word' id='word_1_410' title='bbox 1692 2222 1925 2280; x_wconf 84' lang='lat' dir='ltr'>tragoedias</span> <span class='ocrx_word' id='word_1_411' title='bbox 1971 2225 2016 2265; x_wconf 90' lang='lat' dir='ltr'>in</span> <span class='ocrx_word' id='word_1_412' title='bbox 2063 2238 2104 2266; x_wconf 90' lang='lat' dir='ltr'>se</span> <span class='ocrx_word' id='word_1_413' title='bbox 2152 2224 2338 2280; x_wconf 87' lang='lat' dir='ltr'>perferre</span> <span class='ocrx_word' id='word_1_414' title='bbox 2384 2241 2468 2267; x_wconf 91' lang='lat' dir='ltr'>non</span> <span class='ocrx_word' id='word_1_415' title='bbox 2518 2229 2656 2283; x_wconf 90' lang='lat' dir='ltr'>potuit</span> <span class='ocrx_word' id='word_1_416' title='bbox 2700 2243 2840 2280; x_wconf 88' lang='lat' dir='ltr'>mare,</span> 
     </span>
     <span class='ocr_line' id='line_1_35' title="bbox 253 2286 2840 2344; baseline 0.001 -14"><span class='ocrx_word' id='word_1_417' title='bbox 253 2295 300 2330; x_wconf 86' lang='lat' dir='ltr'>ut</span> <span class='ocrx_word' id='word_1_418' title='bbox 343 2287 482 2330; x_wconf 88' lang='lat' dir='ltr'>scribit</span> <span class='ocrx_word' id='word_1_419' title='bbox 528 2288 606 2331; x_wconf 88' lang='lat' dir='ltr'>Dio</span> <span class='ocrx_word' id='word_1_420' title='bbox 653 2287 698 2329; x_wconf 92' lang='lat' dir='ltr'><strong>L.</strong></span> <span class='ocrx_word' id='word_1_421' title='bbox 745 2287 853 2329; x_wconf 90' lang='lat' dir='ltr'><strong>LXI.</strong></span> <span class='ocrx_word' id='word_1_422' title='bbox 900 2300 939 2329; x_wconf 91' lang='lat' dir='ltr'>c.</span> <span class='ocrx_word' id='word_1_423' title='bbox 993 2288 1063 2329; x_wconf 90' lang='lat'><strong>13.</strong></span> <span class='ocrx_word' id='word_1_424' title='bbox 1106 2302 1148 2343; x_wconf 91' lang='lat' dir='ltr'><strong>p.</strong></span> <span class='ocrx_word' id='word_1_425' title='bbox 1200 2288 1307 2332; x_wconf 85' lang='lat'><strong>695.</strong></span> <span class='ocrx_word' id='word_1_426' title='bbox 1348 2288 1398 2330; x_wconf 79' lang='grc' dir='ltr'>Β.</span> <span class='ocrx_word' id='word_1_427' title='bbox 1463 2289 1578 2331; x_wconf 87' lang='lat' dir='ltr'>Licet</span> <span class='ocrx_word' id='word_1_428' title='bbox 1627 2288 1739 2330; x_wconf 90' lang='lat' dir='ltr'>enim</span> <span class='ocrx_word' id='word_1_429' title='bbox 1788 2286 1987 2328; x_wconf 88' lang='lat' dir='ltr'>dissoluto</span> <span class='ocrx_word' id='word_1_430' title='bbox 2029 2288 2196 2343; x_wconf 86' lang='lat' dir='ltr'>navigio</span> <span class='ocrx_word' id='word_1_431' title='bbox 2226 2288 2461 2344; x_wconf 84' lang='lat' dir='ltr'>Agrippina</span> <span class='ocrx_word' id='word_1_432' title='bbox 2496 2290 2538 2332; x_wconf 89' lang='lat' dir='ltr'>in</span> <span class='ocrx_word' id='word_1_433' title='bbox 2580 2306 2689 2332; x_wconf 84' lang='lat' dir='ltr'>mare</span> <span class='ocrx_word' id='word_1_434' title='bbox 2729 2293 2840 2334; x_wconf 89' lang='lat' dir='ltr'>ceci-</span> 
     </span>
     <span class='ocr_line' id='line_1_36' title="bbox 253 2349 2838 2407; baseline 0.002 -15"><span class='ocrx_word' id='word_1_435' title='bbox 253 2350 387 2403; x_wconf 82' lang='lat' dir='ltr'>derit,</span> <span class='ocrx_word' id='word_1_436' title='bbox 452 2364 537 2394; x_wconf 87' lang='lat' dir='ltr'>non</span> <span class='ocrx_word' id='word_1_437' title='bbox 597 2357 739 2393; x_wconf 87' lang='lat' dir='ltr'>tamen</span> <span class='ocrx_word' id='word_1_438' title='bbox 791 2356 956 2393; x_wconf 82' lang='lat' dir='ltr'>mortua</span> <span class='ocrx_word' id='word_1_439' title='bbox 1010 2356 1085 2393; x_wconf 89' lang='lat' dir='ltr'>est.</span> <span class='ocrx_word' id='word_1_440' title='bbox 1163 2350 1275 2407; x_wconf 85' lang='lat' dir='ltr'>Ergo</span> <span class='ocrx_word' id='word_1_441' title='bbox 1329 2358 1377 2393; x_wconf 91' lang='lat' dir='ltr'>ut</span> <span class='ocrx_word' id='word_1_442' title='bbox 1421 2351 1530 2394; x_wconf 89' lang='lat' dir='ltr'>Nero</span> <span class='ocrx_word' id='word_1_443' title='bbox 1575 2349 1779 2407; x_wconf 88' lang='lat' dir='ltr'>comperit</span> <span class='ocrx_word' id='word_1_444' title='bbox 1822 2357 1995 2392; x_wconf 87' lang='lat' dir='ltr'>matrem</span> <span class='ocrx_word' id='word_1_445' title='bbox 2047 2350 2186 2393; x_wconf 84' lang='lat' dir='ltr'>nando</span> <span class='ocrx_word' id='word_1_446' title='bbox 2229 2353 2430 2404; x_wconf 87' lang='lat' dir='ltr'>evasisse,</span> <span class='ocrx_word' id='word_1_447' title='bbox 2483 2352 2706 2396; x_wconf 83' lang='lat' dir='ltr'>Anicetum</span> <span class='ocrx_word' id='word_1_448' title='bbox 2755 2370 2838 2397; x_wconf 87' lang='lat' dir='ltr'>uua</span> 
     </span>
     <span class='ocr_line' id='line_1_37' title="bbox 253 2412 2836 2471; baseline 0.001 -15"><span class='ocrx_word' id='word_1_449' title='bbox 253 2426 353 2457; x_wconf 88' lang='lat' dir='ltr'>cum</span> <span class='ocrx_word' id='word_1_450' title='bbox 404 2414 540 2455; x_wconf 84' lang='lat' dir='ltr'>nautis</span> <span class='ocrx_word' id='word_1_451' title='bbox 583 2412 777 2456; x_wconf 88' lang='lat' dir='ltr'>adversus</span> <span class='ocrx_word' id='word_1_452' title='bbox 828 2419 1003 2455; x_wconf 89' lang='lat' dir='ltr'>matrem</span> <span class='ocrx_word' id='word_1_453' title='bbox 1049 2412 1111 2454; x_wconf 90' lang='lat' dir='ltr'>ire</span> <span class='ocrx_word' id='word_1_454' title='bbox 1155 2413 1289 2456; x_wconf 91' lang='lat' dir='ltr'>iubet.</span> <span class='ocrx_word' id='word_1_455' title='bbox 1356 2413 1471 2467; x_wconf 84' lang='lat' dir='ltr'>Quos</span> <span class='ocrx_word' id='word_1_456' title='bbox 1518 2419 1565 2456; x_wconf 92' lang='lat' dir='ltr'>ut</span> <span class='ocrx_word' id='word_1_457' title='bbox 1614 2412 1716 2455; x_wconf 90' lang='lat' dir='ltr'>vidit</span> <span class='ocrx_word' id='word_1_458' title='bbox 1767 2412 2024 2469; x_wconf 80' lang='lat' dir='ltr'>Agrippina,</span> <span class='ocrx_word' id='word_1_459' title='bbox 2076 2414 2361 2471; x_wconf 85' lang='lat' dir='ltr'>cognovitque</span> <span class='ocrx_word' id='word_1_460' title='bbox 2393 2415 2667 2471; x_wconf 85' lang='lat' dir='ltr'>quamobrem</span> <span class='ocrx_word' id='word_1_461' title='bbox 2703 2418 2836 2459; x_wconf 88' lang='lat' dir='ltr'>venis-</span> 
     </span>
     <span class='ocr_line' id='line_1_38' title="bbox 249 2474 2833 2535; baseline 0.001 -18"><span class='ocrx_word' id='word_1_462' title='bbox 249 2482 368 2526; x_wconf 88' lang='lat' dir='ltr'>sent,</span> <span class='ocrx_word' id='word_1_463' title='bbox 421 2483 595 2532; x_wconf 86' lang='lat' dir='ltr'>repente</span> <span class='ocrx_word' id='word_1_464' title='bbox 643 2475 696 2516; x_wconf 87' lang='lat' dir='ltr'>de</span> <span class='ocrx_word' id='word_1_465' title='bbox 741 2476 852 2517; x_wconf 87' lang='lat' dir='ltr'>lecto</span> <span class='ocrx_word' id='word_1_466' title='bbox 897 2475 1093 2527; x_wconf 87' lang='lat' dir='ltr'>desiluit,</span> <span class='ocrx_word' id='word_1_467' title='bbox 1142 2475 1394 2535; x_wconf 70' lang='lat' dir='ltr'>disc‘ssaque</span> <span class='ocrx_word' id='word_1_468' title='bbox 1441 2483 1551 2519; x_wconf 86' lang='lat' dir='ltr'>veste</span> <span class='ocrx_word' id='word_1_469' title='bbox 1591 2474 1885 2532; x_wconf 86' lang='lat' dir='ltr'>denudataque</span> <span class='ocrx_word' id='word_1_470' title='bbox 1934 2475 2026 2516; x_wconf 86' lang='lat' dir='ltr'>alvo</span> <span class='ocrx_word' id='word_1_471' title='bbox 2075 2477 2132 2516; x_wconf 82' lang='lat' dir='ltr'>ait</span> <span class='ocrx_word' id='word_1_472' title='bbox 2179 2479 2293 2515; x_wconf 82' lang='grc' dir='ltr'><em>Παῒε</em></span> <span class='ocrx_word' id='word_1_473' title='bbox 2347 2478 2538 2530; x_wconf 74' lang='grc' dir='ltr'><em>ταύτην,</em></span> <span class='ocrx_word' id='word_1_474' title='bbox 2589 2477 2833 2533; x_wconf 68' lang='lat' dir='ltr'>‘Aulum-e,</span> 
     </span>
     <span class='ocr_line' id='line_1_39' title="bbox 249 2536 2837 2597; baseline 0.003 -20"><span class='ocrx_word' id='word_1_475' title='bbox 249 2542 380 2590; x_wconf 78' lang='grc' dir='ltr'><em>παῖε,</em></span> <span class='ocrx_word' id='word_1_476' title='bbox 426 2538 493 2577; x_wconf 78' lang='grc' dir='ltr'>ὅτι</span> <span class='ocrx_word' id='word_1_477' title='bbox 544 2536 738 2592; x_wconf 72' lang='grc' dir='ltr'><strong><em>Νέρωνα</em></strong></span> <span class='ocrx_word' id='word_1_478' title='bbox 786 2537 946 2579; x_wconf 71' lang='grc' dir='ltr'>ἔτεκεν.</span> <span class='ocrx_word' id='word_1_479' title='bbox 1012 2538 1066 2579; x_wconf 84' lang='lat' dir='ltr'>Et</span> <span class='ocrx_word' id='word_1_480' title='bbox 1104 2539 1162 2579; x_wconf 90' lang='lat' dir='ltr'>ita</span> <span class='ocrx_word' id='word_1_481' title='bbox 1209 2538 1384 2597; x_wconf 87' lang='lat' dir='ltr'>quidem</span> <span class='ocrx_word' id='word_1_482' title='bbox 1429 2539 1660 2595; x_wconf 81' lang='lat' dir='ltr'>Agrippina</span> <span class='ocrx_word' id='word_1_483' title='bbox 1708 2552 1732 2580; x_wconf 82' lang='lat' dir='ltr'>a</span> <span class='ocrx_word' id='word_1_484' title='bbox 1779 2537 1867 2579; x_wconf 85' lang='lat' dir='ltr'>filio</span> <span class='ocrx_word' id='word_1_485' title='bbox 1914 2550 2018 2587; x_wconf 90' lang='lat' dir='ltr'>suo,</span> <span class='ocrx_word' id='word_1_486' title='bbox 2071 2538 2140 2579; x_wconf 90' lang='lat' dir='ltr'>cui</span> <span class='ocrx_word' id='word_1_487' title='bbox 2182 2551 2359 2594; x_wconf 79' lang='lat' dir='ltr'>regnum</span> <span class='ocrx_word' id='word_1_488' title='bbox 2404 2537 2611 2582; x_wconf 88' lang='lat' dir='ltr'>detulerat</span> <span class='ocrx_word' id='word_1_489' title='bbox 2645 2547 2685 2582; x_wconf 91' lang='lat' dir='ltr'>et</span> <span class='ocrx_word' id='word_1_490' title='bbox 2716 2543 2837 2584; x_wconf 81' lang='lat' dir='ltr'>cuius</span> 
     </span>
     <span class='ocr_line' id='line_1_40' title="bbox 250 2599 2026 2657; baseline -0.001 -16"><span class='ocrx_word' id='word_1_491' title='bbox 250 2614 401 2650; x_wconf 82' lang='lat' dir='ltr'>causa,</span> <span class='ocrx_word' id='word_1_492' title='bbox 436 2607 604 2654; x_wconf 82' lang='lat' dir='ltr'>praeter</span> <span class='ocrx_word' id='word_1_493' title='bbox 635 2600 787 2641; x_wconf 87' lang='lat' dir='ltr'>multos</span> <span class='ocrx_word' id='word_1_494' title='bbox 819 2600 944 2649; x_wconf 85' lang='lat' dir='ltr'>alios,</span> <span class='ocrx_word' id='word_1_495' title='bbox 978 2606 1175 2654; x_wconf 88' lang='lat' dir='ltr'>patruum</span> <span class='ocrx_word' id='word_1_496' title='bbox 1208 2615 1382 2657; x_wconf 81' lang='lat' dir='ltr'>quoquc</span> <span class='ocrx_word' id='word_1_497' title='bbox 1415 2606 1664 2649; x_wconf 82' lang='lat' dir='ltr'>necaverat,</span> <span class='ocrx_word' id='word_1_498' title='bbox 1699 2599 1919 2640; x_wconf 82' lang='lat' dir='ltr'>interfecta</span> <span class='ocrx_word' id='word_1_499' title='bbox 1951 2606 2026 2641; x_wconf 87' lang='lat' dir='ltr'>cst.</span> 
     </span>
    </p>

    <p class='ocr_par' dir='ltr' id='par_1_6' title="bbox 234 2658 2832 3727">
     <span class='ocr_line' id='line_1_41' title="bbox 311 2658 2832 2721; baseline 0 -14"><span class='ocrx_word' id='word_1_500' title='bbox 311 2661 457 2708; x_wconf 87' lang='lat' dir='ltr'>Varias</span> <span class='ocrx_word' id='word_1_501' title='bbox 501 2675 604 2719; x_wconf 87' lang='lat' dir='ltr'>ergo</span> <span class='ocrx_word' id='word_1_502' title='bbox 653 2675 783 2719; x_wconf 84' lang='lat' dir='ltr'>quam</span> <span class='ocrx_word' id='word_1_503' title='bbox 832 2660 1036 2714; x_wconf 83' lang='lat' dir='ltr'>maxime,</span> <span class='ocrx_word' id='word_1_504' title='bbox 1086 2660 1131 2704; x_wconf 90' lang='lat' dir='ltr'>in</span> <span class='ocrx_word' id='word_1_505' title='bbox 1180 2661 1301 2706; x_wconf 86' lang='lat' dir='ltr'>variis</span> <span class='ocrx_word' id='word_1_506' title='bbox 1346 2661 1452 2706; x_wconf 88' lang='lat' dir='ltr'>vitae</span> <span class='ocrx_word' id='word_1_507' title='bbox 1496 2675 1594 2706; x_wconf 86' lang='lat' dir='ltr'>suae</span> <span class='ocrx_word' id='word_1_508' title='bbox 1638 2660 1779 2718; x_wconf 85' lang='lat' dir='ltr'>spatiis</span> <span class='ocrx_word' id='word_1_509' title='bbox 1819 2659 2012 2704; x_wconf 79' lang='lat' dir='ltr'>fortunae</span> <span class='ocrx_word' id='word_1_510' title='bbox 2052 2658 2349 2705; x_wconf 86' lang='lat' dir='ltr'>vicissitudines</span> <span class='ocrx_word' id='word_1_511' title='bbox 2381 2669 2549 2718; x_wconf 87' lang='lat' dir='ltr'>experta</span> <span class='ocrx_word' id='word_1_512' title='bbox 2583 2671 2643 2707; x_wconf 83' lang='lat' dir='ltr'>est</span> <span class='ocrx_word' id='word_1_513' title='bbox 2675 2663 2832 2721; x_wconf 84' lang='lat' dir='ltr'>Agrip-</span> 
     </span>
     <span class='ocr_line' id='line_1_42' title="bbox 247 2721 2830 2783; baseline 0.001 -15"><span class='ocrx_word' id='word_1_514' title='bbox 247 2724 372 2782; x_wconf 79' lang='lat' dir='ltr'>pina:</span> <span class='ocrx_word' id='word_1_515' title='bbox 420 2735 548 2777; x_wconf 83' lang='lat' dir='ltr'>nam,</span> <span class='ocrx_word' id='word_1_516' title='bbox 597 2736 708 2782; x_wconf 82' lang='lat' dir='ltr'>quae</span> <span class='ocrx_word' id='word_1_517' title='bbox 757 2723 884 2768; x_wconf 86' lang='lat' dir='ltr'>modo</span> <span class='ocrx_word' id='word_1_518' title='bbox 933 2723 1028 2768; x_wconf 79' lang='lat' dir='ltr'>felix</span> <span class='ocrx_word' id='word_1_519' title='bbox 1073 2723 1210 2768; x_wconf 83' lang='lat' dir='ltr'>fuerat</span> <span class='ocrx_word' id='word_1_520' title='bbox 1259 2729 1301 2768; x_wconf 89' lang='lat' dir='ltr'>et</span> <span class='ocrx_word' id='word_1_521' title='bbox 1348 2722 1499 2776; x_wconf 86' lang='lat' dir='ltr'>beata,</span> <span class='ocrx_word' id='word_1_522' title='bbox 1548 2735 1644 2768; x_wconf 84' lang='lat' dir='ltr'>mox</span> <span class='ocrx_word' id='word_1_523' title='bbox 1693 2727 1936 2779; x_wconf 85' lang='lat' dir='ltr'>contempta</span> <span class='ocrx_word' id='word_1_524' title='bbox 1986 2721 2068 2766; x_wconf 84' lang='lat' dir='ltr'>fuit</span> <span class='ocrx_word' id='word_1_525' title='bbox 2113 2729 2155 2768; x_wconf 88' lang='lat' dir='ltr'>et</span> <span class='ocrx_word' id='word_1_526' title='bbox 2205 2723 2415 2781; x_wconf 83' lang='lat' dir='ltr'>relegata;</span> <span class='ocrx_word' id='word_1_527' title='bbox 2469 2730 2509 2770; x_wconf 86' lang='lat' dir='ltr'>et</span> <span class='ocrx_word' id='word_1_528' title='bbox 2560 2738 2671 2783; x_wconf 84' lang='lat' dir='ltr'>quae</span> <span class='ocrx_word' id='word_1_529' title='bbox 2704 2725 2830 2772; x_wconf 83' lang='lat' dir='ltr'>dein-</span> 
     </span>
     <span class='ocr_line' id='line_1_43' title="bbox 247 2784 2830 2845; baseline 0.002 -14"><span class='ocrx_word' id='word_1_530' title='bbox 247 2799 344 2845; x_wconf 75' lang='lat' dir='ltr'>ceps</span> <span class='ocrx_word' id='word_1_531' title='bbox 395 2788 584 2833; x_wconf 83' lang='lat' dir='ltr'>restituta</span> <span class='ocrx_word' id='word_1_532' title='bbox 628 2786 765 2832; x_wconf 81' lang='lat' dir='ltr'>fuerat</span> <span class='ocrx_word' id='word_1_533' title='bbox 813 2792 854 2830; x_wconf 90' lang='lat' dir='ltr'>et</span> <span class='ocrx_word' id='word_1_534' title='bbox 901 2785 1014 2830; x_wconf 85' lang='lat' dir='ltr'>dives</span> <span class='ocrx_word' id='word_1_535' title='bbox 1059 2786 1170 2831; x_wconf 81' lang='lat' dir='ltr'>sacta</span> <span class='ocrx_word' id='word_1_536' title='bbox 1218 2792 1260 2831; x_wconf 86' lang='lat' dir='ltr'>et</span> <span class='ocrx_word' id='word_1_537' title='bbox 1313 2785 1366 2831; x_wconf 86' lang='lat' dir='ltr'>ad</span> <span class='ocrx_word' id='word_1_538' title='bbox 1412 2786 1627 2844; x_wconf 74' lang='lat' dir='ltr'>Augustae</span> <span class='ocrx_word' id='word_1_539' title='bbox 1675 2784 1880 2830; x_wconf 84' lang='lat' dir='ltr'>honorem</span> <span class='ocrx_word' id='word_1_540' title='bbox 1929 2790 2072 2830; x_wconf 85' lang='lat' dir='ltr'>evecta</span> <span class='ocrx_word' id='word_1_541' title='bbox 2119 2791 2162 2830; x_wconf 88' lang='lat' dir='ltr'>et</span> <span class='ocrx_word' id='word_1_542' title='bbox 2207 2787 2288 2830; x_wconf 86' lang='lat' dir='ltr'>visa</span> <span class='ocrx_word' id='word_1_543' title='bbox 2335 2785 2414 2830; x_wconf 85' lang='lat' dir='ltr'>sibi</span> <span class='ocrx_word' id='word_1_544' title='bbox 2447 2787 2688 2834; x_wconf 81' lang='lat' dir='ltr'>felicissima</span> <span class='ocrx_word' id='word_1_545' title='bbox 2734 2804 2830 2835; x_wconf 86' lang='lat' dir='ltr'>ma—</span> 
     </span>
     <span class='ocr_line' id='line_1_44' title="bbox 250 2848 2831 2908; baseline 0.002 -16"><span class='ocrx_word' id='word_1_546' title='bbox 250 2857 392 2901; x_wconf 85' lang='lat' dir='ltr'>trum,</span> <span class='ocrx_word' id='word_1_547' title='bbox 456 2862 551 2894; x_wconf 83' lang='lat' dir='ltr'>mcx</span> <span class='ocrx_word' id='word_1_548' title='bbox 609 2850 664 2891; x_wconf 89' lang='lat' dir='ltr'>ab</span> <span class='ocrx_word' id='word_1_549' title='bbox 728 2850 816 2906; x_wconf 87' lang='lat' dir='ltr'>ipso</span> <span class='ocrx_word' id='word_1_550' title='bbox 864 2850 951 2893; x_wconf 87' lang='lat' dir='ltr'>filio</span> <span class='ocrx_word' id='word_1_551' title='bbox 995 2863 1068 2892; x_wconf 90' lang='lat' dir='ltr'>suo</span> <span class='ocrx_word' id='word_1_552' title='bbox 1124 2850 1303 2907; x_wconf 82' lang='lat' dir='ltr'>turpiter</span> <span class='ocrx_word' id='word_1_553' title='bbox 1345 2849 1572 2908; x_wconf 74' lang='lat' dir='ltr'>despecta,</span> <span class='ocrx_word' id='word_1_554' title='bbox 1618 2848 1898 2892; x_wconf 82' lang='lat' dir='ltr'>coutubernio</span> <span class='ocrx_word' id='word_1_555' title='bbox 1945 2849 2114 2905; x_wconf 86' lang='lat' dir='ltr'>expulsa</span> <span class='ocrx_word' id='word_1_556' title='bbox 2159 2855 2198 2891; x_wconf 88' lang='lat' dir='ltr'>ct</span> <span class='ocrx_word' id='word_1_557' title='bbox 2247 2849 2420 2892; x_wconf 85' lang='lat' dir='ltr'>tandem</span> <span class='ocrx_word' id='word_1_558' title='bbox 2465 2850 2701 2895; x_wconf 81' lang='lat' dir='ltr'>foedissime</span> <span class='ocrx_word' id='word_1_559' title='bbox 2747 2853 2831 2896; x_wconf 79' lang='lat' dir='ltr'>fuit</span> 
     </span>
     <span class='ocr_line' id='line_1_45' title="bbox 244 2911 2830 2973; baseline 0.002 -20"><span class='ocrx_word' id='word_1_560' title='bbox 244 2912 471 2955; x_wconf 85' lang='lat' dir='ltr'>trucidata.</span> <span class='ocrx_word' id='word_1_561' title='bbox 538 2914 656 2955; x_wconf 83' lang='lat' dir='ltr'>Haec</span> <span class='ocrx_word' id='word_1_562' title='bbox 713 2913 862 2953; x_wconf 72' lang='lat' dir='ltr'>mulier</span> <span class='ocrx_word' id='word_1_563' title='bbox 907 2915 1067 2970; x_wconf 82' lang='lat' dir='ltr'>igitur,</span> <span class='ocrx_word' id='word_1_564' title='bbox 1116 2926 1225 2970; x_wconf 87' lang='lat' dir='ltr'>quae</span> <span class='ocrx_word' id='word_1_565' title='bbox 1270 2919 1353 2953; x_wconf 85' lang='lat' dir='ltr'>tam</span> <span class='ocrx_word' id='word_1_566' title='bbox 1401 2914 1560 2969; x_wconf 85' lang='lat' dir='ltr'>largam</span> <span class='ocrx_word' id='word_1_567' title='bbox 1604 2911 1787 2953; x_wconf 88' lang='lat' dir='ltr'>habebat</span> <span class='ocrx_word' id='word_1_568' title='bbox 1832 2912 1939 2952; x_wconf 86' lang='lat' dir='ltr'>vitae</span> <span class='ocrx_word' id='word_1_569' title='bbox 1971 2924 2069 2952; x_wconf 84' lang='lat' dir='ltr'>suae</span> <span class='ocrx_word' id='word_1_570' title='bbox 2117 2912 2377 2953; x_wconf 83' lang='lat' dir='ltr'>enarrandae</span> <span class='ocrx_word' id='word_1_571' title='bbox 2426 2915 2674 2966; x_wconf 86' lang='lat' dir='ltr'>materiam,</span> <span class='ocrx_word' id='word_1_572' title='bbox 2723 2917 2830 2973; x_wconf 84' lang='lat' dir='ltr'>quin</span> 
     </span>
     <span class='ocr_line' id='line_1_46' title="bbox 249 2975 2829 3034; baseline 0.002 -16"><span class='ocrx_word' id='word_1_573' title='bbox 249 2975 304 3019; x_wconf 77' lang='lat' dir='ltr'>de</span> <span class='ocrx_word' id='word_1_574' title='bbox 345 2976 427 3017; x_wconf 88' lang='lat' dir='ltr'>vita</span> <span class='ocrx_word' id='word_1_575' title='bbox 476 2990 549 3018; x_wconf 85' lang='lat' dir='ltr'>sua</span> <span class='ocrx_word' id='word_1_576' title='bbox 600 2978 923 3017; x_wconf 67' lang='lat' dir='ltr'>commentarios</span> <span class='ocrx_word' id='word_1_577' title='bbox 968 2976 1285 3033; x_wconf 81' lang='lat' dir='ltr'>conscripserit,</span> <span class='ocrx_word' id='word_1_578' title='bbox 1333 2989 1603 3034; x_wconf 77' lang='lat' dir='ltr'>nequaquam</span> <span class='ocrx_word' id='word_1_579' title='bbox 1646 2975 1824 3017; x_wconf 82' lang='lat' dir='ltr'>dubium</span> <span class='ocrx_word' id='word_1_580' title='bbox 1870 2988 1955 3016; x_wconf 86' lang='lat' dir='ltr'>esse</span> <span class='ocrx_word' id='word_1_581' title='bbox 1988 2981 2136 3031; x_wconf 87' lang='lat' dir='ltr'>potest.</span> <span class='ocrx_word' id='word_1_582' title='bbox 2202 2975 2295 3030; x_wconf 89' lang='lat' dir='ltr'>Ipse</span> <span class='ocrx_word' id='word_1_583' title='bbox 2330 2976 2441 3017; x_wconf 87' lang='lat' dir='ltr'>enim</span> <span class='ocrx_word' id='word_1_584' title='bbox 2476 2979 2625 3033; x_wconf 88' lang='lat' dir='ltr'>utique</span> <span class='ocrx_word' id='word_1_585' title='bbox 2658 2978 2829 3022; x_wconf 84' lang='lat' dir='ltr'>Tacitus</span> 
     </span>
     <span class='ocr_line' id='line_1_47' title="bbox 244 3036 2830 3097; baseline 0.002 -18"><span class='ocrx_word' id='word_1_586' title='bbox 244 3038 503 3095; x_wconf 70' lang='lat' dir='ltr'>Agrippinae</span> <span class='ocrx_word' id='word_1_587' title='bbox 549 3037 877 3080; x_wconf 80' lang='lat' dir='ltr'>Commentarios</span> <span class='ocrx_word' id='word_1_588' title='bbox 922 3038 1051 3095; x_wconf 78' lang='lat' dir='ltr'>legit,</span> <span class='ocrx_word' id='word_1_589' title='bbox 1103 3037 1396 3097; x_wconf 81' lang='lat' dir='ltr'>decerpsitque</span> <span class='ocrx_word' id='word_1_590' title='bbox 1442 3038 1541 3081; x_wconf 74' lang='lat' dir='ltr'>inde</span> <span class='ocrx_word' id='word_1_591' title='bbox 1582 3037 1772 3096; x_wconf 79' lang='lat' dir='ltr'>aliquid,</span> <span class='ocrx_word' id='word_1_592' title='bbox 1805 3036 1918 3095; x_wconf 81' lang='lat' dir='ltr'>quod</span> <span class='ocrx_word' id='word_1_593' title='bbox 1958 3051 1982 3077; x_wconf 90' lang='lat' dir='ltr'>a</span> <span class='ocrx_word' id='word_1_594' title='bbox 2014 3036 2291 3094; x_wconf 77' lang='lat' dir='ltr'>scriptoribus</span> <span class='ocrx_word' id='word_1_595' title='bbox 2320 3038 2537 3081; x_wconf 86' lang='lat' dir='ltr'>annalium</span> <span class='ocrx_word' id='word_1_596' title='bbox 2571 3054 2657 3082; x_wconf 84' lang='lat' dir='ltr'>nou</span> <span class='ocrx_word' id='word_1_597' title='bbox 2689 3041 2830 3085; x_wconf 78' lang='lat' dir='ltr'>fuerat</span> 
     </span>
     <span class='ocr_line' id='line_1_48' title="bbox 246 3098 2825 3158; baseline 0.002 -17"><span class='ocrx_word' id='word_1_598' title='bbox 246 3100 462 3143; x_wconf 83' lang='lat' dir='ltr'>traditum.</span> <span class='ocrx_word' id='word_1_599' title='bbox 529 3101 593 3142; x_wconf 83' lang='lat' dir='ltr'>Ita</span> <span class='ocrx_word' id='word_1_600' title='bbox 641 3100 801 3142; x_wconf 81' lang='lat' dir='ltr'>scilicet</span> <span class='ocrx_word' id='word_1_601' title='bbox 848 3100 992 3142; x_wconf 70' lang='lat' dir='ltr'>scritit</span> <span class='ocrx_word' id='word_1_602' title='bbox 1038 3102 1209 3143; x_wconf 83' lang='lat' dir='ltr'>Tacitus</span> <span class='ocrx_word' id='word_1_603' title='bbox 1254 3102 1367 3143; x_wconf 87' lang='lat' dir='ltr'><strong>Anu.</strong></span> <span class='ocrx_word' id='word_1_604' title='bbox 1415 3102 1462 3144; x_wconf 89' lang='lat' dir='ltr'>L.</span> <span class='ocrx_word' id='word_1_605' title='bbox 1509 3102 1585 3146; x_wconf 83' lang='lat' dir='ltr'><strong>lv.</strong></span> <span class='ocrx_word' id='word_1_606' title='bbox 1636 3114 1674 3143; x_wconf 86' lang='lat' dir='ltr'>c.</span> <span class='ocrx_word' id='word_1_607' title='bbox 1722 3102 1796 3143; x_wconf 84' lang='lat'><strong>53.</strong></span> <span class='ocrx_word' id='word_1_608' title='bbox 1861 3098 1929 3142; x_wconf 67' lang='lat' dir='ltr'>At</span> <span class='ocrx_word' id='word_1_609' title='bbox 1976 3098 2277 3158; x_wconf 75' lang='lat' dir='ltr'>Agrippina,</span> <span class='ocrx_word' id='word_1_610' title='bbox 2322 3102 2546 3157; x_wconf 66' lang='lat' dir='ltr'>pervicax</span> <span class='ocrx_word' id='word_1_611' title='bbox 2601 3104 2729 3156; x_wconf 63' lang='lat' dir='ltr'>irae,</span> <span class='ocrx_word' id='word_1_612' title='bbox 2778 3112 2825 3148; x_wconf 79' lang='lat' dir='ltr'>et</span> 
     </span>
     <span class='ocr_line' id='line_1_49' title="bbox 240 3162 2826 3221; baseline 0.002 -18"><span class='ocrx_word' id='word_1_613' title='bbox 240 3162 396 3203; x_wconf 81' lang='lat' dir='ltr'>morbo</span> <span class='ocrx_word' id='word_1_614' title='bbox 451 3165 660 3219; x_wconf 73' lang='lat' dir='ltr'>corporis</span> <span class='ocrx_word' id='word_1_615' title='bbox 708 3162 981 3218; x_wconf 83' lang='lat' dir='ltr'>implicata,</span> <span class='ocrx_word' id='word_1_616' title='bbox 1033 3178 1178 3221; x_wconf 79' lang='lat' dir='ltr'>quum</span> <span class='ocrx_word' id='word_1_617' title='bbox 1225 3166 1392 3205; x_wconf 72' lang='lat' dir='ltr'>viseret</span> <span class='ocrx_word' id='word_1_618' title='bbox 1440 3179 1538 3205; x_wconf 85' lang='lat' dir='ltr'>eam</span> <span class='ocrx_word' id='word_1_619' title='bbox 1589 3165 1783 3213; x_wconf 71' lang='lat' dir='ltr'>Caesar,</span> <span class='ocrx_word' id='word_1_620' title='bbox 1829 3162 2048 3219; x_wconf 73' lang='lat' dir='ltr'>profusis</span> <span class='ocrx_word' id='word_1_621' title='bbox 2096 3165 2180 3203; x_wconf 75' lang='lat' dir='ltr'>dia</span> <span class='ocrx_word' id='word_1_622' title='bbox 2226 3178 2280 3203; x_wconf 85' lang='lat' dir='ltr'>ac</span> <span class='ocrx_word' id='word_1_623' title='bbox 2319 3178 2407 3219; x_wconf 83' lang='lat' dir='ltr'>per</span> <span class='ocrx_word' id='word_1_624' title='bbox 2458 3165 2705 3207; x_wconf 65' lang='lat' dir='ltr'>silentium</span> <span class='ocrx_word' id='word_1_625' title='bbox 2757 3167 2826 3209; x_wconf 87' lang='lat' dir='ltr'>la-</span> 
     </span>
     <span class='ocr_line' id='line_1_50' title="bbox 239 3224 2827 3282; baseline 0.002 -15"><span class='ocrx_word' id='word_1_626' title='bbox 239 3226 435 3276; x_wconf 73' lang='lat' dir='ltr'>crimis,</span> <span class='ocrx_word' id='word_1_627' title='bbox 496 3240 602 3266; x_wconf 70' lang='lat' dir='ltr'>moa:</span> <span class='ocrx_word' id='word_1_628' title='bbox 664 3224 895 3269; x_wconf 72' lang='lat' dir='ltr'>invidiam</span> <span class='ocrx_word' id='word_1_629' title='bbox 942 3233 986 3267; x_wconf 76' lang='lat' dir='ltr'>et</span> <span class='ocrx_word' id='word_1_630' title='bbox 1029 3241 1187 3282; x_wconf 79' lang='lat' dir='ltr'>precee</span> <span class='ocrx_word' id='word_1_631' title='bbox 1232 3226 1449 3270; x_wconf 76' lang='lat' dir='ltr'>orditur.-</span> <span class='ocrx_word' id='word_1_632' title='bbox 1497 3226 1755 3270; x_wconf 70' lang='lat' dir='ltr'>subveniret</span> <span class='ocrx_word' id='word_1_633' title='bbox 1802 3224 2080 3276; x_wconf 73' lang='lat' dir='ltr'>solitudini,</span> <span class='ocrx_word' id='word_1_634' title='bbox 2128 3224 2261 3267; x_wconf 78' lang='lat' dir='ltr'>daret</span> <span class='ocrx_word' id='word_1_635' title='bbox 2307 3227 2573 3270; x_wconf 80' lang='lat' dir='ltr'>maritum.-</span> <span class='ocrx_word' id='word_1_636' title='bbox 2624 3229 2827 3272; x_wconf 67' lang='lat' dir='ltr'>habilem</span> 
     </span>
     <span class='ocr_line' id='line_1_51' title="bbox 242 3287 2825 3347; baseline 0.002 -16"><span class='ocrx_word' id='word_1_637' title='bbox 242 3287 389 3331; x_wconf 76' lang='lat' dir='ltr'>adhuc</span> <span class='ocrx_word' id='word_1_638' title='bbox 434 3287 669 3331; x_wconf 78' lang='lat' dir='ltr'>iuventam</span> <span class='ocrx_word' id='word_1_639' title='bbox 719 3287 841 3339; x_wconf 74' lang='lat' dir='ltr'>eibi,</span> <span class='ocrx_word' id='word_1_640' title='bbox 890 3303 1029 3346; x_wconf 80' lang='lat' dir='ltr'>neque</span> <span class='ocrx_word' id='word_1_641' title='bbox 1076 3287 1214 3331; x_wconf 81' lang='lat' dir='ltr'>aliud</span> <span class='ocrx_word' id='word_1_642' title='bbox 1254 3289 1438 3346; x_wconf 77' lang='lat' dir='ltr'>probis,</span> <span class='ocrx_word' id='word_1_643' title='bbox 1489 3305 1625 3347; x_wconf 81' lang='lat' dir='ltr'>quam</span> <span class='ocrx_word' id='word_1_644' title='bbox 1681 3303 1735 3330; x_wconf 67' lang='lat' dir='ltr'>ea·</span> <span class='ocrx_word' id='word_1_645' title='bbox 1782 3288 2113 3339; x_wconf 77' lang='lat' dir='ltr'>matrimonio,</span> <span class='ocrx_word' id='word_1_646' title='bbox 2164 3287 2419 3331; x_wconf 74' lang='lat' dir='ltr'>solatium.-</span> <span class='ocrx_word' id='word_1_647' title='bbox 2468 3306 2560 3332; x_wconf 71' lang='lat' dir='ltr'>esee</span> <span class='ocrx_word' id='word_1_648' title='bbox 2610 3292 2663 3333; x_wconf 79' lang='lat' dir='ltr'>in</span> <span class='ocrx_word' id='word_1_649' title='bbox 2710 3295 2825 3335; x_wconf 80' lang='lat' dir='ltr'>civi-</span> 
     </span>
     <span class='ocr_line' id='line_1_52' title="bbox 242 3348 2826 3409; baseline 0.002 -18"><span class='ocrx_word' id='word_1_650' title='bbox 242 3358 337 3392; x_wconf 86' lang='lat' dir='ltr'>tate</span> <span class='ocrx_word' id='word_1_651' title='bbox 354 3379 531 3392; x_wconf 90' lang='grc'><strong>......</strong></span> <span class='ocrx_word' id='word_1_652' title='bbox 586 3348 854 3409; x_wconf 79' lang='lat' dir='ltr'>Germanici</span> <span class='ocrx_word' id='word_1_653' title='bbox 916 3352 1152 3409; x_wconf 77' lang='lat' dir='ltr'>coniugem</span> <span class='ocrx_word' id='word_1_654' title='bbox 1216 3366 1269 3393; x_wconf 90' lang='lat' dir='ltr'>ac</span> <span class='ocrx_word' id='word_1_655' title='bbox 1332 3352 1497 3394; x_wconf 69' lang='lat' dir='ltr'>liberos</span> <span class='ocrx_word' id='word_1_656' title='bbox 1563 3353 1664 3393; x_wconf 77' lang='lat' dir='ltr'>eiue</span> <span class='ocrx_word' id='word_1_657' title='bbox 1708 3351 1908 3407; x_wconf 80' lang='lat' dir='ltr'>recipere</span> <span class='ocrx_word' id='word_1_658' title='bbox 1955 3349 2285 3408; x_wconf 76' lang='lat' dir='ltr'>dignarentur.</span> <span class='ocrx_word' id='word_1_659' title='bbox 2350 3348 2439 3394; x_wconf 81' lang='lat' dir='ltr'>Sed</span> <span class='ocrx_word' id='word_1_660' title='bbox 2485 3353 2683 3404; x_wconf 70' lang='lat' dir='ltr'>Caesar,</span> <span class='ocrx_word' id='word_1_661' title='bbox 2737 3371 2826 3397; x_wconf 78' lang='lat' dir='ltr'>non</span> 
     </span>
     <span class='ocr_line' id='line_1_53' title="bbox 239 3411 2825 3474; baseline 0.002 -19"><span class='ocrx_word' id='word_1_662' title='bbox 239 3416 471 3471; x_wconf 71' lang='lat' dir='ltr'>ignarus,</span> <span class='ocrx_word' id='word_1_663' title='bbox 535 3419 759 3470; x_wconf 78' lang='lat' dir='ltr'>quantam</span> <span class='ocrx_word' id='word_1_664' title='bbox 825 3427 878 3455; x_wconf 67' lang='lat' dir='ltr'>ew</span> <span class='ocrx_word' id='word_1_665' title='bbox 941 3428 990 3456; x_wconf 86' lang='lat' dir='ltr'>re</span> <span class='ocrx_word' id='word_1_666' title='bbox 1046 3413 1233 3470; x_wconf 80' lang='lat' dir='ltr'>publica</span> <span class='ocrx_word' id='word_1_667' title='bbox 1286 3413 1552 3471; x_wconf 71' lang='lat' dir='ltr'>peteretur3</span> <span class='ocrx_word' id='word_1_668' title='bbox 1601 3428 1654 3455; x_wconf 81' lang='lat' dir='ltr'>ne</span> <span class='ocrx_word' id='word_1_669' title='bbox 1703 3419 1856 3455; x_wconf 79' lang='lat' dir='ltr'>tamen</span> <span class='ocrx_word' id='word_1_670' title='bbox 1904 3411 2168 3469; x_wconf 70' lang='lat' dir='ltr'>offensionis</span> <span class='ocrx_word' id='word_1_671' title='bbox 2216 3420 2301 3454; x_wconf 84' lang='lat' dir='ltr'>aut</span> <span class='ocrx_word' id='word_1_672' title='bbox 2348 3421 2498 3455; x_wconf 79' lang='lat' dir='ltr'>metue</span> <span class='ocrx_word' id='word_1_673' title='bbox 2542 3416 2825 3474; x_wconf 73' lang='lat' dir='ltr'>manifestae</span> 
     </span>
     <span class='ocr_line' id='line_1_54' title="bbox 234 3474 2823 3536; baseline 0.002 -20"><span class='ocrx_word' id='word_1_674' title='bbox 234 3476 392 3533; x_wconf 87' lang='lat' dir='ltr'>foret,</span> <span class='ocrx_word' id='word_1_675' title='bbox 459 3475 557 3516; x_wconf 76' lang='lat' dir='ltr'>sine</span> <span class='ocrx_word' id='word_1_676' title='bbox 622 3489 860 3532; x_wconf 74' lang='lat' dir='ltr'>responso,</span> <span class='ocrx_word' id='word_1_677' title='bbox 923 3490 1202 3536; x_wconf 79' lang='lat' dir='ltr'>quamquam</span> <span class='ocrx_word' id='word_1_678' title='bbox 1262 3477 1538 3528; x_wconf 70' lang='lat' dir='ltr'>instantem,</span> <span class='ocrx_word' id='word_1_679' title='bbox 1599 3475 1811 3536; x_wconf 69' lang='lat' dir='ltr'>reliquit.</span> <span class='ocrx_word' id='word_1_680' title='bbox 1878 3474 1939 3517; x_wconf 79' lang='lat' dir='ltr'>Id</span> <span class='ocrx_word' id='word_1_681' title='bbox 1983 3488 2090 3534; x_wconf 77' lang='lat' dir='ltr'>ego,</span> <span class='ocrx_word' id='word_1_682' title='bbox 2141 3489 2176 3517; x_wconf 83' lang='lat' dir='ltr'>a.</span> <span class='ocrx_word' id='word_1_683' title='bbox 2220 3476 2532 3534; x_wconf 69' lang='lat' dir='ltr'>scriptoribus</span> <span class='ocrx_word' id='word_1_684' title='bbox 2579 3479 2823 3522; x_wconf 81' lang='lat' dir='ltr'>annalium</span> 
     </span>
     <span class='ocr_line' id='line_1_55' title="bbox 242 3537 2823 3599; baseline 0.002 -21"><span class='ocrx_word' id='word_1_685' title='bbox 242 3552 330 3579; x_wconf 79' lang='lat' dir='ltr'>non</span> <span class='ocrx_word' id='word_1_686' title='bbox 369 3537 628 3588; x_wconf 81' lang='lat' dir='ltr'>traditum,</span> <span class='ocrx_word' id='word_1_687' title='bbox 664 3540 817 3594; x_wconf 85' lang='lat' dir='ltr'>reperi</span> <span class='ocrx_word' id='word_1_688' title='bbox 857 3539 910 3579; x_wconf 77' lang='lat' dir='ltr'>in</span> <span class='ocrx_word' id='word_1_689' title='bbox 938 3542 1370 3581; x_wconf 74' lang='lat' dir='ltr'>commentariis</span> <span class='ocrx_word' id='word_1_690' title='bbox 1417 3540 1810 3599; x_wconf 74' lang='lat' dir='ltr'>Agrippinae,</span> <span class='ocrx_word' id='word_1_691' title='bbox 1849 3537 2078 3597; x_wconf 80' lang='lat' dir='ltr'>filiae.-</span> <span class='ocrx_word' id='word_1_692' title='bbox 2131 3554 2293 3596; x_wconf 82' lang='lat' dir='ltr'>quae,</span> <span class='ocrx_word' id='word_1_693' title='bbox 2341 3537 2546 3582; x_wconf 69' lang='lat' dir='ltr'>Neronis</span> <span class='ocrx_word' id='word_1_694' title='bbox 2587 3543 2823 3599; x_wconf 73' lang='lat' dir='ltr'>principie</span> 
     </span>
     <span class='ocr_line' id='line_1_56' title="bbox 239 3602 2824 3660; baseline 0.002 -18"><span class='ocrx_word' id='word_1_695' title='bbox 239 3607 415 3653; x_wconf 85' lang='lat' dir='ltr'>mater,</span> <span class='ocrx_word' id='word_1_696' title='bbox 452 3602 626 3645; x_wconf 84' lang='lat' dir='ltr'>vitam</span> <span class='ocrx_word' id='word_1_697' title='bbox 658 3614 816 3644; x_wconf 72' lang='lat' dir='ltr'>suam</span> <span class='ocrx_word' id='word_1_698' title='bbox 849 3608 902 3643; x_wconf 88' lang='lat' dir='ltr'>et</span> <span class='ocrx_word' id='word_1_699' title='bbox 933 3616 1098 3645; x_wconf 69' lang='lat' dir='ltr'>caetae</span> <span class='ocrx_word' id='word_1_700' title='bbox 1134 3616 1362 3646; x_wconf 74' lang='lat' dir='ltr'>suorum</span> <span class='ocrx_word' id='word_1_701' title='bbox 1395 3604 1656 3660; x_wconf 75' lang='lat' dir='ltr'>posteris</span> <span class='ocrx_word' id='word_1_702' title='bbox 1688 3602 2041 3645; x_wconf 85' lang='lat' dir='ltr'>memoravit.</span> <span class='ocrx_word' id='word_1_703' title='bbox 2108 3602 2218 3644; x_wconf 84' lang='lat' dir='ltr'>Tum</span> <span class='ocrx_word' id='word_1_704' title='bbox 2245 3615 2419 3660; x_wconf 91' lang='lat' dir='ltr'>quoquc</span> <span class='ocrx_word' id='word_1_705' title='bbox 2449 3604 2623 3655; x_wconf 88' lang='lat' dir='ltr'>Plinius,</span> <span class='ocrx_word' id='word_1_706' title='bbox 2657 3606 2746 3660; x_wconf 85' lang='lat' dir='ltr'>qui,</span> <span class='ocrx_word' id='word_1_707' title='bbox 2779 3608 2824 3648; x_wconf 91' lang='lat' dir='ltr'>iu</span> 
     </span>
     <span class='ocr_line' id='line_1_57' title="bbox 240 3662 2826 3727; baseline 0.003 -22"><span class='ocrx_word' id='word_1_708' title='bbox 240 3662 387 3707; x_wconf 88' lang='lat' dir='ltr'>Indice</span> <span class='ocrx_word' id='word_1_709' title='bbox 417 3665 670 3722; x_wconf 87' lang='lat' dir='ltr'>scriptorum</span> <span class='ocrx_word' id='word_1_710' title='bbox 718 3664 762 3709; x_wconf 90' lang='lat' dir='ltr'>L.</span> <span class='ocrx_word' id='word_1_711' title='bbox 812 3664 907 3711; x_wconf 89' lang='lat' dir='ltr'><strong>vll.</strong></span> <span class='ocrx_word' id='word_1_712' title='bbox 945 3666 1165 3710; x_wconf 81' lang='lat' dir='ltr'>nominans</span> <span class='ocrx_word' id='word_1_713' title='bbox 1199 3663 1520 3727; x_wconf 79' lang='lat' dir='ltr'>Agrippinam</span> <span class='ocrx_word' id='word_1_714' title='bbox 1554 3664 1770 3719; x_wconf 81' lang='lat' dir='ltr'>Claudii,</span> <span class='ocrx_word' id='word_1_715' title='bbox 1806 3664 2042 3723; x_wconf 87' lang='lat' dir='ltr'>intelligere</span> <span class='ocrx_word' id='word_1_716' title='bbox 2079 3663 2245 3711; x_wconf 88' lang='lat' dir='ltr'>videtur</span> <span class='ocrx_word' id='word_1_717' title='bbox 2276 3666 2600 3725; x_wconf 79' lang='lat' dir='ltr'>Agrippinam</span> <span class='ocrx_word' id='word_1_718' title='bbox 2634 3665 2826 3712; x_wconf 78' lang='lat' dir='ltr'>Claudii</span> 
     </span>
    </p>
   </div>
  </div>
 </body>
</html>
