3442 4094
1518 99 1584 149 33

257 238 644 283 meritationu
684 231 954 291 publicas
996 234 1055 275 in
1111 240 1455 291 perpetuum
1499 231 1785 286 abolendi,
1837 233 2009 293 quod,
2060 249 2254 277 aarum
2286 232 2559 292 fiducia,
2608 237 2853 279 cultura

256 311 539 362 agrorum
584 303 869 340 cessaret.-
913 311 1081 356 neque
1130 303 1319 338 tamen
1359 311 1782 354 perseverasse‚·
1831 299 1973 357 quia
2006 306 2228 341 certum
2261 296 2532 347 liaberet,
2562 311 2723 353 posse
2751 316 2853 356 per

254 361 629 404 ambitionem
660 359 990 417 quandoque
1021 358 1290 399 restitui.
1322 403 1326 407 ,

318 436 359 464 c.
395 424 469 465 43.
535 419 711 464 Fecisse
752 420 882 464 ludos
915 436 990 469 se,
1040 420 1141 469 ait,
1191 431 1274 459 suo
1320 418 1502 459 nomine
1548 425 1749 474 quater.-
1788 434 1879 475 pro
1925 420 2043 462 aliis
2095 420 2495 480 magistratibus,
2529 423 2618 480 qui
2649 429 2735 464 aut
2771 423 2856 464 ab..

254 490 424 534 essent,
461 491 544 527 aut
576 499 664 526 non
696 483 984 543 sufficerent,
1020 488 1094 522 ter
1124 486 1169 521 et
1202 480 1355 520 vicies.

316 560 356 589 c.
390 548 465 590 62.
530 546 644 590 Mox
691 545 984 589 Scriboniam
1028 544 1081 583 in
1128 541 1487 583 matrimonium
1530 543 1733 597 accepit,
1766 551 1963 599 nuptam
1996 552 2102 585 ante
2133 544 2303 586 duobus
2336 546 2686 598 consularibus,
2723 555 2769 590 ee
2802 562 2855 589 ex

253 608 401 651 altero
432 610 576 651 etiam
606 616 820 652 matrem,
871 607 985 650 Cum
1018 603 1103 645 ltac
1133 618 1304 661 quoque
1335 601 1595 644 divortium
1615 601 1754 659 fecit,
1786 613 2051 659 pertaesus,
2085 613 2140 646 ut
2173 606 2343 647 scribit
2364 639 2375 657 ,
2411 622 2592 650 morum
2619 612 2852 665 perversi-

252 677 394 713 tatem
426 674 541 714 eius.

317 747 356 776 c.
393 735 467 777 74.
535 733 640 790 Ipse
657 730 825 774 scribit
842 729 1067 782 invitasse
1082 743 1129 770 se
1145 725 1401 786 quemdam,
1421 725 1485 780 *in
1500 726 1634 769 cuius
1650 724 1769 768 villa
1787 733 2008 781 maneret,
2028 728 2111 784 qui
2127 726 2389 784 speculator
2405 744 2517 771 suus
2535 729 2646 772 olim
2654 731 2850 789 fuisset,

317 797 371 839 Et
418 797 588 839 sortasse
634 794 755 850 plura
801 793 844 834 in
888 791 1079 834 Suetonii
1126 792 1283 848 scripto
1313 789 1506 831 latebunt
1533 788 1771 846 fragmenta
1805 789 1926 834 Vitae
1949 788 2132 845 Augusti
2162 790 2215 831 ab
2263 791 2351 846 ipso
2396 793 2691 848 conscriptae,
2743 810 2852 852 quae

252 858 377 901 huius
422 857 536 900 modi
587 855 753 898 indiciis
798 868 882 895 non
927 853 1180 910 produntur.
1262 850 1388 906 Quod
1449 852 1482 893 si
1531 859 1673 893 autem
1721 866 1796 900 ea,
1860 866 1970 907 quae
2032 851 2150 902 dixi,
2217 867 2356 895 revera
2418 869 2466 895 ex
2523 856 2617 911 ipsis
2673 857 2854 911 Augusti

250 919 566 964 Commentariis
589 919 669 960 siut
705 915 935 973 decerpta,
980 915 1170 973 pluribus
1202 915 1272 957 illa
1305 912 1416 970 ‘mihi
1464 914 1715 955 coniecturis
1755 912 2025 969 suppeditant
2066 915 2344 957 occasionem.
2411 917 2469 958 Ex
2511 919 2644 972 primo
2690 920 2854 962 scilicet

249 984 345 1025 loco
389 981 576 1023 videmus
602 979 843 1035 Augustum
876 979 1002 1019 etiam
1034 977 1087 1019 de
1128 978 1289 1019 familia
1319 991 1394 1017 sua
1436 983 1479 1017 et
1520 975 1573 1016 de
1616 975 1859 1031 parentibus
1886 977 1967 1017 suis
1996 976 2185 1017 locutum
2216 992 2324 1018 esse:
2354 978 2451 1019 inde
2482 980 2615 1034 igitur
2648 984 2851 1036 suspicari

248 1045 392 1092 subit,
426 1043 668 1099 Augustum
699 1040 754 1082 ab
786 1041 881 1096 ipsis
909 1039 1118 1082 natalibus
1143 1040 1227 1081 suis
1249 1039 1449 1095 incepisse
1482 1038 1827 1080 Commentarios.
1893 1036 1940 1078 Id
1972 1047 2114 1079 autem
2149 1038 2370 1081 dubitabat
2401 1041 2631 1083 Heereuius
2650 1075 2660 1091 ,
2689 1045 2764 1100 qui
2799 1043 2851 1086 de

249 1105 412 1148 Fontib.
460 1112 500 1146 et
530 1112 645 1148 auct.
679 1104 767 1147 Vit.
805 1103 951 1159 parall.
986 1102 1101 1145 Plut.
1129 1118 1172 1159 p.
1211 1103 1314 1154 147.
1351 1100 1455 1143 haec
1485 1099 1654 1144 scribit:
1721 1099 1874 1157 Longe
1921 1101 2099 1143 maiori
2143 1102 2252 1144 usui
2273 1100 2413 1158 suere
2446 1102 2709 1147 Plutarcho
2745 1105 2855 1149 Coe-

252 1168 381 1211 saris
412 1163 625 1225 Augusti
659 1165 1021 1216 Commentarii,
1056 1179 1166 1223 quos
1196 1163 1308 1216 ille,
1353 1177 1524 1206 morem
1572 1164 1794 1220 temporis
1842 1163 1922 1204 sui
1969 1170 2179 1214 secutus,
2231 1163 2283 1205 de
2335 1163 2454 1207 Vita
2501 1164 2596 1208 Sua
2630 1181 2684 1208 ac
2718 1168 2851 1210 rebus

253 1247 282 1273 a
316 1246 361 1274 se
389 1230 539 1289 gestis
570 1235 896 1286 composuerat.
916 1252 972 1261 --
1043 1224 1164 1272 Num
1196 1228 1295 1270 iam
1327 1242 1356 1269 a
1386 1225 1629 1269 natalibus
1660 1226 1945 1283 inceperint,
1979 1233 2035 1268 ut
2061 1228 2324 1283 pueritiam
2356 1242 2525 1286 quoque
2568 1244 2622 1271 ac
2665 1232 2850 1274 iuveni-

253 1294 339 1336 lem
388 1300 586 1336 aetatem
629 1293 953 1342 enarraverit,
1004 1290 1152 1333 dicere
1196 1306 1287 1333 non
1335 1288 1504 1341 babeo3
1535 1291 1737 1332 maxime
1770 1296 1923 1330 tamen
1954 1304 2028 1331 res
2060 1305 2089 1331 a
2121 1305 2166 1330 se
2193 1296 2354 1347 gestas
2388 1290 2491 1331 inde
2524 1307 2554 1333 a
2586 1292 2688 1334 dici
2721 1294 2847 1337 Iulii

249 1356 403 1408 caede,
447 1355 529 1398 ubi
552 1356 768 1412 primum
800 1354 863 1396 ad
889 1353 1077 1412 publica
1108 1355 1296 1412 negotia
1327 1354 1546 1403 accessit,
1598 1353 1963 1394 triumuiratum
2009 1366 2062 1394 ac
2110 1351 2333 1395 bellorum
2367 1353 2583 1397 civilium
2617 1355 2847 1400 historias

251 1434 391 1478 usque
423 1417 486 1461 ad
509 1432 722 1477 pugnam
756 1418 999 1459 Actiacam
1032 1417 1085 1458 in
1115 1417 1183 1459 iis
1214 1417 1448 1473 expositas
1479 1430 1599 1464 esse,
1635 1414 1772 1457 dubio
1804 1422 1944 1458 caret.

312 1483 370 1524 Ex
422 1482 556 1532 altero
601 1480 796 1523 Suetonii
841 1479 934 1521 loco
983 1477 1173 1521 videmur
1222 1479 1342 1522 nobis
1393 1492 1477 1519 non
1522 1478 1610 1519 sine
1661 1492 1785 1519 causa
1833 1492 1951 1533 posse
1996 1479 2201 1534 suspicari
2247 1480 2488 1537 Augustum
2535 1483 2578 1524 in
2625 1483 2848 1527 Commen-

249 1545 358 1586 tariis
408 1543 490 1585 suis
540 1541 788 1599 rescripsisse
838 1540 1035 1598 Epistolis
1082 1539 1279 1583 adversus
1321 1539 1460 1596 ipsum
1509 1538 1565 1580 ab
1613 1539 1797 1581 Antonio
1826 1540 2006 1594 scriptis.
2071 1540 2197 1594 Quod
2230 1542 2262 1582 si
2298 1557 2442 1584 verum
2476 1551 2561 1595 est,
2596 1559 2644 1586 eo
2678 1560 2849 1604 quoque

248 1605 477 1663 pertinebit
543 1606 659 1646 locus
723 1603 912 1645 Su'etonii
976 1604 1018 1645 in
1080 1602 1198 1660 Aug..
1255 1616 1296 1645 c.
1348 1603 1424 1646 86.
1506 1600 1576 1646 M.
1631 1600 1815 1660 quidem
1869 1603 2155 1654 Antonium,
2206 1611 2260 1645 ut
2310 1606 2555 1657 insanum,
2607 1608 2849 1666 increpat.-

253 1669 391 1726 quosi
451 1681 502 1708 ea
565 1664 862 1716 scribentem,
928 1679 1041 1722 quae
1105 1666 1342 1706 mirentur
1399 1665 1562 1720 potius
1620 1666 1847 1710 homines.
1912 1678 2051 1721 quam
2102 1666 2397 1724 intelligant.
2463 1668 2639 1709 Deinde
2692 1670 2850 1711 ludens

249 1730 452 1779 malum,
501 1736 543 1769 et
591 1730 882 1778 inconstans,
933 1729 985 1768 in
1029 1726 1238 1787 eligendo
1281 1741 1448 1784 genere
1495 1725 1702 1779 dicendi,
1755 1728 1997 1785 ingenium
2061 1728 2185 1778 eius,
2251 1728 2385 1770 addit
2450 1730 2586 1772 baec:
2653 1747 2676 1773 ›>
2699 1732 2851 1790 Tuque

252 1809 274 1833 »
297 1791 508 1840 dubitas,
575 1789 810 1833 Cimberne
869 1785 1083 1840 Annius,
1150 1804 1212 1830 an
1275 1787 1514 1833 Veranius
1558 1787 1775 1840 Flaccus,
1827 1787 2056 1831 imitandi
2103 1790 2202 1831 sint
2244 1790 2372 1832 tibi?
2433 1793 2506 1833 ita
2556 1800 2608 1834 ut
2673 1795 2849 1847 verbis,

252 1870 274 1896 »
295 1869 409 1911 quae
452 1852 500 1896 C.
552 1850 815 1894 Sallustius
862 1852 1088 1907 excerpsit
1135 1865 1189 1892 ex
1238 1850 1523 1909 Originibus
1572 1850 1788 1903 Catonis,
1837 1851 2034 1893 utaris?
2081 1867 2143 1893 an
2181 1855 2344 1908 potius
2379 1852 2705 1897 Asiaticorum
2739 1873 2849 1899 ora-

252 1932 274 1958 »
297 1923 478 1966 torum,
538 1912 758 1957 inanibus
818 1913 1086 1965 sententiis,
1147 1912 1388 1955 verborum
1446 1912 1722 1956 volubilitas
1779 1914 1832 1955 in
1892 1920 2103 1955 nostrum
2144 1928 2394 1956 sermonem
2443 1917 2772 1975 transferenda
2791 1920 2847 1961 ?”

251 1979 441 2035 Quarum
484 1977 766 2035 Epistularum
809 1976 970 2033 saepius
1015 1975 1231 2028 meminit,
1282 1977 1354 2034 qui
1402 1989 1469 2018 eas
1519 1976 1677 2017 novisse
1724 1974 1918 2026 ridetur,
1969 1976 2195 2017 Suetonius
2243 1979 2286 2018 in
2332 1979 2445 2034 Aug.
2496 1993 2534 2021 c.
2588 1982 2629 2022 2.
2679 1983 2718 2022 4.
2770 1984 2848 2024 68.

252 2043 327 2085 69.
389 2043 463 2084 70.
543 2041 726 2084 Forsitan
786 2039 913 2082 etiam
957 2039 1137 2081 aliorum
1188 2037 1554 2082 criminationibus
1599 2037 1854 2096 responderit
1900 2039 2142 2093 Augustus,
2195 2041 2269 2096 qui
2318 2042 2479 2097 scriptis
2522 2041 2638 2084 libris
2682 2045 2850 2086 famosis

248 2108 294 2148 iu
343 2105 481 2162 ipsum
529 2104 693 2152 fuerant
740 2102 913 2145 invecti.
977 2102 1108 2152 Nam,
1154 2109 1320 2158 praeter
1364 2101 1537 2144 Antonii
1584 2102 1814 2157 Epistulas,
1875 2101 1990 2157 apud
2053 2102 2248 2144 Tacitum
2305 2103 2416 2146 Ann.
2473 2105 2519 2147 L.
2550 2106 2627 2149 lv.
2679 2120 2720 2149 c.
2769 2108 2843 2150 34.

251 2168 378 2209 etiam
430 2165 482 2207 de
532 2165 651 2207 Bruti
699 2163 978 2206 concionibus
1010 2164 1198 2221 loquitur
1232 2163 1464 2206 Cremutius
1494 2163 1686 2214 Cordus,
1720 2178 1831 2221 quae
1862 2163 2075 2206 habebant
2098 2163 2237 2221 salsa
2271 2165 2464 2222 quidem.
2486 2168 2539 2209 in
2573 2166 2845 2226 Augustum

245 2228 448 2287 probra,
495 2227 573 2270 sed
619 2226 773 2269 multa
823 2241 926 2267 cum
974 2225 1239 2268 acerbitate.
1321 2226 1373 2268 Et
1419 2240 1467 2267 ex
1518 2224 1667 2267 eodem
1716 2240 1872 2282 genere
1918 2226 2080 2267 videtur
2124 2227 2246 2268 fuisse
2294 2227 2419 2269 Cassii
2466 2230 2700 2272 Parmensis
2751 2233 2848 2288 Epi-

256 2291 387 2341 stola,
446 2305 528 2347 qua
587 2290 801 2345 Augustus
859 2303 948 2330 non
992 2295 1176 2330 tantum
1234 2295 1288 2329 ut
1329 2288 1563 2344 pistoris,
1612 2286 1692 2329 sed
1738 2289 1880 2329 etiam
1927 2294 1981 2329 ut
2028 2288 2297 2330 numularii
2345 2305 2479 2346 nepos
2528 2299 2616 2332 erat
2661 2300 2844 2344 taxatus,

250 2352 485 2395 secundum
532 2353 707 2393 Sueton.
756 2351 798 2392 in
849 2350 962 2406 Aug.
994 2364 1032 2392 c.
1070 2351 1110 2391 4.
1177 2350 1284 2392 Tum
1316 2364 1490 2407 quoque
1524 2350 1672 2391 Iunius
1703 2350 1915 2400 Novatus,
1951 2357 2054 2391 teste
2086 2351 2234 2392 eodem
2267 2352 2441 2393 Sueton.
2472 2354 2515 2393 in
2547 2354 2657 2409 Aug.
2690 2369 2730 2396 c.
2770 2359 2845 2398 51.

258 2413 504 2474 Agrippae
552 2414 732 2456 iuvenis
777 2413 981 2464 nomine,
1032 2414 1343 2469 asperrimam
1388 2410 1441 2452 de
1490 2411 1706 2469 Augusto
1745 2409 2019 2468 Epistolam
2051 2413 2104 2453 in
2137 2412 2307 2470 vulgus
2351 2413 2571 2455 ediderat.
2653 2418 2845 2474 Denique

252 2479 304 2521 de
350 2478 437 2519 aliis
483 2476 648 2520 famosis
692 2476 872 2527 libellis,
908 2477 952 2517 in
997 2477 1112 2517 curia
1170 2475 1338 2533 sparsis,
1396 2474 1584 2532 loquitur
1630 2474 1884 2527 Suetonius,
1932 2489 2036 2532 quos
2083 2482 2222 2516 tamen
2265 2475 2504 2530 Augustum
2551 2491 2636 2519 non
2686 2494 2840 2535 magna

253 2556 354 2584 cura
402 2538 672 2597 redarguisse
715 2538 857 2581 scribit
890 2540 933 2580 iu
966 2538 1079 2596 Aug.
1115 2551 1154 2581 c.
1191 2542 1263 2584 55.

316 2604 481 2645 Tertius
530 2601 682 2644 deiude
730 2602 920 2644 Suetonii
968 2601 1085 2643 locus
1134 2602 1178 2643 in
1229 2601 1396 2643 tertiam
1440 2599 1595 2643 ducere
1639 2600 1805 2643 videtur
1840 2601 2143 2644 coniecturam.
2209 2601 2330 2656 Quae
2380 2604 2494 2645 enim
2528 2603 2580 2647 de
2616 2605 2669 2659 Q.
2704 2605 2841 2649 Gallio

250 2667 410 2709 diversa
455 2671 595 2707 narrat
640 2664 866 2708 Suetonius
907 2670 947 2705 et
993 2662 1160 2705 aliunde
1203 2670 1243 2705 et
1293 2678 1341 2705 ex
1386 2662 1568 2719 Augusti
1616 2663 1779 2719 scriptis
1827 2664 1984 2719 petita,
2036 2665 2124 2705 eius
2170 2664 2286 2705 modi
2332 2672 2461 2715 sunt,
2510 2674 2558 2708 ut
2606 2669 2833 2711 Suetonius

252 2731 338 2786 ipse
399 2727 523 2770 fateri
583 2725 798 2778 videatur,
863 2726 1104 2782 Augustum
1168 2732 1307 2782 postea
1368 2723 1504 2768 verbis
1561 2725 1735 2768 voluisse
1799 2724 1985 2777 solvere,
2055 2725 2171 2782 quod
2229 2727 2344 2783 prius
2403 2741 2446 2769 re
2495 2728 2660 2771 fecisset
2714 2731 2838 2773 male.

253 2792 521 2847 Quapropter
581 2786 779 2847 equidem
842 2801 992 2832 censeo
1048 2789 1113 2831 vix
1171 2786 1453 2832 dubitandum
1514 2800 1599 2830 esse
1644 2788 1750 2846 quin
1795 2786 2009 2843 Augustus
2058 2786 2139 2829 hac
2186 2790 2413 2846 praecipua
2461 2803 2583 2832 causa
2630 2792 2679 2833 ad
2726 2795 2837 2835 scri-

255 2853 440 2897 bendum
499 2852 549 2894 sit
612 2852 840 2903 incitatus,
892 2859 939 2894 ut
986 2858 1191 2895 averteret
1236 2865 1259 2892 a
1305 2865 1377 2901 se,
1428 2857 1636 2908 quantum
1682 2849 1773 2892 fieri
1819 2857 1981 2905 posset,
2030 2850 2216 2892 facinora
2265 2853 2308 2894 in
2356 2852 2636 2896 Triumviratu
2686 2870 2838 2912 perpe-

253 2923 388 2960 trata:
450 2916 501 2956 in
547 2928 659 2971 quo,
712 2921 760 2956 ut
807 2914 1031 2957 Suetonius
1076 2916 1119 2956 in
1167 2913 1278 2970 Aug.
1326 2926 1365 2956 c.
1415 2914 1490 2955 27.
1540 2912 1706 2963 scribit,
1756 2914 1939 2956 restitit
2004 2912 2187 2970 quidem
2257 2913 2556 2971 aliquamdiu
2620 2917 2839 2976 collegis,

252 2996 305 3022 ne
349 2994 441 3036 qua
473 2975 614 3035 fleret
652 2976 941 3034 proscriptio
951 2992 970 3027 ,-
1019 2975 1097 3019 sed
1136 2977 1388 3033 incoeptam
1431 2982 1623 3033 utroque
1665 2974 1873 3018 acerbius
1920 2976 2138 3018 exercuit.
2202 2973 2413 3034 Namque
2461 2977 2570 3019 illis
2616 2980 2669 3020 in
2718 2982 2840 3023 mul-

252 3050 406 3084 torum
449 3054 577 3097 saepe
616 3052 887 3096 personam,
927 3053 1015 3096 per
1054 3040 1274 3099 gratiam
1321 3045 1365 3081 et
1406 3052 1587 3095 preces,
1637 3036 1971 3089 exorabilibus,
2007 3037 2135 3080 solus
2183 3053 2354 3097 magno
2402 3054 2531 3097 opere
2579 3043 2837 3093 contendit,

247 3119 301 3146 ne
331 3105 409 3146 cui
431 3109 719 3160 parceretur.

315 3167 446 3208 Porro
492 3179 514 3207 e
560 3162 832 3222 sequentibus
881 3163 983 3205 locis
1030 3162 1193 3205 videtur
1239 3177 1442 3220 apparere
1488 3163 1730 3220 Augustum
1774 3163 1818 3205 in
1868 3161 1979 3205 hisce
2025 3162 2141 3205 libris
2187 3178 2535 3209 commemorasse
2579 3168 2705 3209 etiam
2752 3169 2839 3211 eius

250 3227 363 3273 modi
426 3227 538 3269 tacta
598 3241 697 3278 sua,
758 3224 913 3283 quibus
972 3226 1063 3269 iure
1111 3233 1245 3282 posset
1290 3225 1488 3283 gloriari:
1536 3223 1650 3283 quod
1696 3239 1781 3267 non
1828 3225 1908 3267 alia
1959 3224 2011 3268 de
2061 3239 2185 3268 causa
2232 3227 2411 3278 fecerit,
2460 3243 2588 3286 quam
2645 3238 2694 3272 ut
2741 3245 2837 3281 eos,

249 3292 403 3352 quibus
461 3303 655 3347 praesens
709 3303 850 3339 rerum
911 3295 1040 3331 status
1098 3288 1365 3346 displiceret,
1424 3294 1649 3331 conaretur
1708 3295 1751 3330 et
1795 3286 1875 3329 sibi
1918 3296 1959 3330 et
2011 3288 2268 3345 reipublicae
2314 3290 2554 3335 conciliare.
2620 3292 2673 3335 Et
2720 3302 2838 3336 erant

249 3355 440 3413 profecto
500 3351 706 3409 plurima,
755 3365 867 3410 quae
924 3351 968 3393 in
1016 3350 1096 3397 hoc
1144 3365 1299 3408 genere
1348 3351 1559 3410 potuerint
1608 3351 1793 3403 narrari;
1843 3350 1942 3394 audi
1988 3351 2114 3393 modo
2163 3352 2322 3410 quibus
2372 3353 2507 3395 verbis
2552 3355 2740 3400 Velleius
2789 3357 2835 3399 1..

249 3419 308 3462 ll.
354 3430 394 3461 c.
444 3416 519 3461 89.
579 3414 691 3455 illius
749 3414 946 3469 temporis
990 3412 1198 3455 describat
1243 3413 1513 3457 felicitatem:
1576 3409 1723 3458 Nihil
1767 3421 1950 3470 optare,
1993 3414 2163 3472 inquit,
2206 3431 2236 3456 a
2285 3414 2382 3457 diis
2430 3415 2663 3469 homines,
2713 3418 2841 3460 nihil

249 3479 323 3522 dii
372 3475 633 3520 hominibus
670 3472 916 3533 praestare
948 3483 1145 3533 possunt
1156 3491 1176 3526 ,-
1222 3475 1353 3519 nibil
1398 3482 1496 3518 voto
1537 3476 1740 3532 concipi,
1772 3474 1902 3517 nibil
1934 3473 2175 3534 felicitate
2218 3480 2561 3535 consummari,
2595 3478 2716 3538 quod
2744 3495 2834 3524 non

251 3541 525 3601 Augustus,
581 3545 688 3596 post
752 3536 958 3580 reditum
1010 3539 1062 3581 in
1128 3536 1323 3590 Urbem,
1381 3539 1453 3581 rei
1494 3537 1730 3595 publicae,
1775 3537 2031 3597 populoque
2077 3537 2308 3593 Romano,
2360 3548 2686 3601 terrarumque
2733 3544 2836 3587 orbi

250 3603 679 3663 repraesentaverit.
747 3599 923 3643 Finita
962 3600 1176 3643 vicesimo
1219 3616 1338 3644 anno
1383 3599 1502 3643 bella
1545 3600 1735 3655 civilia,
1781 3601 1964 3659 sepulta
2011 3609 2223 3656 externa,
2259 3612 2469 3650 revocata
2493 3619 2617 3663 pax,
2652 3609 2835 3664 sopitus

2639 3672 2665 3713 5
