3442 4094
1888 123 1921 170 2

657 246 753 290 Non
796 247 938 290 minor
956 279 968 299 ,
1017 246 1091 290 sed
1130 247 1265 290 maior
1291 247 1418 290 etiam
1445 247 1560 291 civili
1604 246 1769 292 homini
1787 280 1801 301 ,
1829 249 1985 291 iniuria
2032 250 2215 303 affecte,
2238 248 2409 292 licentia
2453 247 2579 292 datur
2606 247 2660 292 de
2689 262 2733 292 se
2773 247 2901 292 verba
2934 245 3120 291 faciendi
3150 246 3206 291 ad

593 311 799 367 ingratos.
864 310 935 353 Sic
972 308 1185 361 Achilles,
1218 309 1318 351 alias
1340 308 1419 351 diis
1449 310 1628 366 gloriam
1654 310 1895 354 concedens
1928 319 1971 353 et
2003 312 2220 356 moderate
2245 311 2450 370 loquens,
2497 310 2674 368 indigne
2700 318 2845 354 autem
2887 310 3063 353 affectus
3097 323 3200 352 con-

594 372 771 416 tumelia
805 378 847 414 et
879 371 1256 428 circumscriptus,
1292 371 1381 414 irae
1417 373 1662 415 iactantiam
1695 374 1935 432 permittit:

1249 469 1438 513 Δώδεκα
1470 470 1523 527 δὴ
1557 473 1638 515 σὺν
1671 475 1799 529 νηυσὶ
1833 473 1981 524 πόλεις
2011 471 2206 523 ἀλάπαξ’
2246 471 2515 529 ἄνθρωπον.

601 542 643 577 et
1242 557 1307 567 —
1338 533 1388 574 οῦ
1421 535 1505 590 γὰρ
1536 536 1640 589 ἐμῆς
1672 539 1862 591 κόρυθος
1894 536 2117 579 λεύσσουσι
2148 536 2354 590 μετώπου

1245 594 1441 648 ’Endos
1474 594 1774 653 λαμπομένης.

664 678 733 722 Sic
759 679 960 721 nimirum
983 679 1108 722 etiam
1139 677 1468 733 Themistocles,
1499 693 1636 738 quum
1669 680 1713 723 in
1739 677 1978 723 actionibus
2008 678 2092 722 suis
2125 677 2292 721 nullum
2326 676 2490 721 dictum
2522 682 2597 722 aut
2624 677 2787 722 factum
2820 678 3044 723 molestum
3073 680 3204 725 adhi-

599 742 788 792 buisset,
832 741 889 781 ab
921 740 1251 782 Atheniensibus
1291 754 1335 783 se
1374 742 1431 783 ob
1476 744 1712 783 satietatem
1759 740 1938 783 fastidiri
1977 752 2027 781 ac
2073 738 2233 796 despici
2277 738 2640 792 animadvertens,
2675 753 2758 783 non
2789 739 2992 784 abstinuit
3024 740 3197 786 dicere:

603 803 662 842 Τί
683 834 695 854 ,
725 796 760 842 ὦ
791 805 996 855 μακάριοι
1016 832 1031 851 ,
1068 806 1251 843 κοπιᾶτε
1271 831 1285 853 ,
1317 800 1532 851 πολλάκις
1560 803 1646 843 ὑπὸ
1675 803 1766 843 τῶν
1799 802 1946 842 αὐτῶν
1976 795 2024 841 εὖ
2055 803 2317 856 πάσχουτεςς
2361 808 2404 842 et
2436 801 2762 856 Χειμαζόμειοι
2792 804 2872 857 μὲν
2892 832 2906 855 ‚
2941 802 3084 859 ὥσπερ
3114 804 3200 847 ὑπὸ

603 863 789 919 δένδρον
817 863 1084 917 ὑποφεύγετε
1103 897 1115 917 ,
1161 864 1399 921 γενομένης
1433 863 1480 908 δέ
1514 862 1663 914 εὐδίας
1681 898 1693 917 ,
1727 862 1895 907 τίλλετε
1923 861 2227 914 παρεξιόντεςς
2252 863 2384 906 —Hi
2416 878 2521 920 ergo
2549 866 2712 907 iniuriis
2742 866 2946 919 lacessiti,
2978 867 3200 910 adversum

602 929 787 984 ingratos
819 928 1066 969 memoriam
1101 941 1245 970 rerum
1276 942 1301 969 a
1331 942 1374 970 se
1408 929 1624 984 praeclare
1657 936 1868 985 gestarum
1900 927 2148 982 intulerunt.

665 990 757 1032 lam
802 989 924 1032 cuius
963 996 1079 1032 recte
1116 989 1230 1032 facta
1256 990 1519 1048 culpantur,
1555 991 1590 1032 is
1619 1004 1668 1032 ea
1698 991 1732 1033 si
1764 988 1935 1040 laudat,
1979 988 2151 1031 omuino
2182 987 2345 1030 veniam
2378 993 2566 1030 meretur
2609 995 2651 1031 et
2696 987 3019 1045 reprehensione
3051 999 3198 1034 caret:

602 1051 775 1094 videtur·
818 1053 931 1093 enim
977 1065 1063 1094 non
1109 1051 1394 1108 exprobrare,
1443 1051 1517 1095 sed
1553 1051 1797 1095 defendere.
1863 1052 1980 1095 Haec
2028 1064 2090 1093 res
2132 1048 2392 1108 splendidam
2435 1049 2707 1093 Demostheni
2746 1053 2907 1108 paravit
2935 1051 3200 1106 libertatem,

602 1114 877 1173 laudumque.
920 1114 1092 1163 amolita
1148 1121 1208 1168 est
1255 1114 1499 1175 fastidium,
1564 1129 1670 1175 quas
1712 1115 1802 1166 iere
1844 1120 1927 1172 'per
1976 1120 2105 1162 totam
2184 1127 2230 1155 ro
2273 1112 2432 1164 Corona
2479 1113 2713 1159 orationem
2757 1116 3000 1173 usurpavit,
3041 1117 3200 1162 uetans

604 1193 726 1226 suas,
762 1191 873 1233 quae
920 1175 1235 1231 culpabantur,
1282 1175 1336 1219 de
1380 1175 1494 1226 bello
1543 1177 1582 1217 le
1643 1177 1775 1230 tiones
1819 1183 1860 1219 et
1902 1175 2087 1227 decreta.
2189 1183 2205 1215 t
2237 1175 2410 1222 omnino
2444 1176 2577 1216 oratio
2606 1174 2680 1216 illa
2711 1175 3037 1231 ingeniosissime
3070 1191 3203 1237 oppo-

603 1236 821 1280 sitionibus
882 1244 924 1279 et
990 1237 1271 1283 solutionibus
1320 1232 1543 1288 causarum
1602 1237 1732 1291 audes
1777 1236 2095 1295 superinducit5
2145 1249 2226 1286 nec
2268 1237 2399 1279 semel
2440 1235 2776 1279 correctionibus
2820 1235 2996 1281 laudum
3049 1242 3200 1285 utitur.

603 1301 659 1344 lis
699 1307 844 1343 autem
892 1298 968 1357 qui
1012 1299 1175 1351 utitur,
1223 1315 1309 1352 non
1355 1300 1511 1353 infert,
1556 1299 1629 1351 sed
1675 1300 1871 1351 transfert
1912 1298 2115 1350 laudemz
2163 1313 2304 1356 neque
2346 1298 2513 1346 videtur
2555 1298 2740 1356 gaudere
2784 1299 3095 1352 laudatoribus,
3129 1302 3204 1345 sed

601 1376 849 1415 succensere
898 1361 1015 1426 quod
1062 1377 1146 1411 non
1190 1361 1493 1415 convenienter
1536 1361 1801 1417 laudaverint
1847 1369 1924 1414 aut
1968 1361 2025 1404 ob
2073 1376 2141 1404 eas
2187 1375 2250 1405 res
2290 1375 2395 1419 quas
2439 1361 2643 1419 oportuit.
2708 1360 2845 1416 Quale
2874 1362 2982 1422 quid
3012 1372 3203 1422 spectare

601 1425 800 1470 videntur
846 1425 924 1478 ista
965 1424 1289 1478 Demosthenis:
1336 1423 1400 1471 Οὐ
1446 1422 1594 1476 λίθοις
1641 1422 1729 1470 itti
1761 1438 1835 1471 ισα
1879 1426 1960 1477 τὴν
2004 1420 2137 1474 πόλιν
2156 1453 2173 1485 4
2219 1419 2320 1472 οὐδὲ
2353 1420 2566 1477 πλίνθοις
2598 1420 2702 1476 ἐγώ·
2735 1418 2835 1464 ἀλλ’
2869 1423 2949 1467 ἐὰν
2983 1425 3071 1470 τὸν,
3095 1426 3199 1480 ἐμὸν

601 1487 825 1543 τειχισμὸν
868 1484 1007 1546 βούλῃ
1048 1490 1228 1547 σκοπεῖν
1247 1519 1261 1539 ,
1305 1486 1494 1548 εὑρήσεις
1542 1487 1619 1530 καὶ
1658 1441 1778 1529 ortt«
1809 1485 1887 1532 καὶ
1917 1486 2082 1536 ἵππους
2113 1486 2186 1533 καὶ
2215 1487 2482 1543 συμμάχους.
2545 1486 2610 1528 Ae
2644 1485 2779 1535 multo
2812 1488 2946 1549 magis
2967 1487 3085 1531 -iuud
3114 1489 3201 1532 1²0-

603 1550 731 1592 riclis.
799 1548 947 1604 Quum
990 1550 1102 1593 enim
1144 1549 1230 1599 iam
1277 1551 1528 1604 morientem
1566 1549 1787 1601 necessarii
1820 1550 1968 1601 moesti
1996 1547 2289 1606 deplorarent.
2334 1562 2386 1592 ac
2416 1555 2631 1605 praeturas
2660 1558 3074 1607 commemorarent,
3121 1565 3199 1608 po-

601 1613 778 1656 tentiam
798 1643 811 1663 ,
861 1618 903 1654 et
947 1625 1058 1670 quae
1087 1619 1291 1674 tropaea,
1339 1627 1444 1674 quas
1483 1612 1681 1661 victorias
1721 1611 1931 1670 urbesque
1972 1608 2301 1661 Atheniensibus
2332 1618 2473 1671 partas
2515 1610 2800 1668 relinqueret:
2843 1611 3068 1668 paululum
3117 1628 3203 1657 sese

603 1676 795 1731 erigens,
835 1672 1110 1731 reprehendit
1150 1689 1244 1726 eos,
1291 1673 1407 1735 quod
1452 1688 1700 1728 communes
1739 1673 1974 1725 mullorum
2018 1680 2060 1716 et
2099 1672 2297 1721 fortunae
2343 1673 2477 1733 magis
2513 1687 2645 1731 quam
2692 1672 2835 1722 virtuti
2869 1672 3031 1729 debitas
3059 1674 3203 1719 laudes

602 1735 869 1786 retulissent,
900 1734 1189 1792 pulcherrima
1220 1742 1262 1780 et
1291 1737 1476 1787 maxima
1509 1731 1675 1797 ipsique
1705 1737 1877 1798 propria
1905 1734 1987 1780 hac
2014 1734 2140 1782 laude
2174 1735 2462 1792 praetermissa
2495 1732 2598 1777 “Ora
2633 1732 2693 1776 δι’
2712 1733 2847 1777 αὐτὸν
2877 1732 3019 1785 οὐδεὶς
3049 1734 3201 1791 Ἀθη-

601 1798 741 1840 ναίωυ
771 1794 911 1851 μέλαν
946 1797 1120 1852 ἱμάτιον
1153 1795 1383 1855 ἀνείληφε.
1449 1798 1577 1858 Quod
1624 1798 1867 1857 exemplum
1910 1805 1952 1850 et
1999 1805 2210 1844 oratorem
2251 1796 2404 1857 docet,
2449 1797 2482 1843 si
2525 1796 2700 1856 quidem
2747 1797 2808 1840 vir
2836 1797 2971 1841 bouus
3001 1800 3079 1851 sit,
3109 1799 3203 1844 lau·

597 1862 745 1904 datum
787 1860 844 1914 ob
878 1860 1144 1913 facundiam,
1190 1862 1362 1917 laudem
1408 1862 1454 1913 in
1504 1863 1635 1906 vitam
1683 1869 1726 1905 et
1756 1875 1894 1912 mores
1928 1874 2133 1911 avocaret
2163 1867 2205 1903 et
2237 1861 2535 1919 imperatorem
2555 1891 2568 1913 ,
2599 1860 2632 1904 si
2665 1860 2721 1904 ob
2756 1861 2950 1921 peritiam
2991 1862 3050 1904 rei
3090 1862 3201 1904 mili-

597 1925 698 1967 taris
728 1931 805 1967 aut
835 1923 1085 1969 felicitatem
1117 1925 1169 1968 sit
1199 1924 1246 1974 ia
1278 1922 1579 1983 admiratione,
1612 1923 1665 1968 de
1697 1919 2023 1985 mansuetudine
2054 1938 2129 1974 sua
2162 1930 2205 1965 et
2235 1922 2398 1967 iustitia
2428 1921 2560 1967 libere
2592 1921 2727 1981 loqui.

663 2046 791 2104 Quod
839 2054 983 2100 autem
1025 2047 1278 2104 Plutarchus
1322 2048 1579 2109 disputando
1625 2057 1661 2094 st
1695 2049 1786 2097 duit
1833 2047 2044 2109 probare,
2104 2048 2149 2102 id
2193 2048 2347 2093 multos
2389 2047 2491 2098 olim
2532 2048 2743 2098 Romanos
2786 2048 2900 2092 facto
2943 2047 3204 2108 comproba-

602 2112 705 2154 visse
740 2108 943 2156 videmus.
1009 2110 1184 2154 Scilicet
1231 2110 1408 2165 fuerunt
1451 2111 1496 2155 in
1542 2126 1586 2155 re
1616 2125 1674 2170 pu
1707 2111 1790 2160 lica
1814 2109 2007 2163 Romana
2039 2110 2280 2169 complures
2307 2110 2385 2164 viri
2415 2110 2615 2170 egregii,
2655 2111 2731 2168 qui
2773 2124 2859 2156 non
2902 2108 3203 2157 dubitaverunt

603 2175 657 2223 de
706 2172 831 2225 rebus
879 2187 904 2214 a
947 2186 991 2215 se
1041 2174 1258 2230 praeclare
1305 2174 1461 2230 gestis,
1501 2173 1556 2217 de
1595 2174 1776 2219 consiliis
1819 2175 1930 2232 suis,
1968 2173 2107 2233 deque
2156 2180 2244 2217 tots
2292 2173 2377 2217 viu
2423 2186 2498 2224 sua
2542 2170 2872 2225 Commentarios
2921 2171 3204 2225 conscribere.

602 2236 689 2291 Qui
727 2250 817 2278 mos
863 2250 887 2276 a
931 2236 1108 2291 septimo
1151 2235 1285 2280 Urbis·
1307 2237 1477 2283 saeculo
1516 2236 1722 2291 invaluit:
1765 2237 1960 2280 inventus
1992 2251 2016 2278 a
2047 2236 2142 2279 viris
2166 2235 2543 2287 innocentissimis,
2577 2236 2679 2294 qui,
2710 2248 2821 2296 quae
2848 2242 2939 2283 erat
2966 2235 3037 2294 illa
3065 2242 3204 2285 aetate

601 2299 665 2341 rei
710 2297 911 2355 publicae
955 2296 1009 2340 ad
1053 2298 1229 2342 exitium
1265 2299 1472 2358 vergentis
1502 2312 1695 2356 perversa
1728 2298 1933 2352 conditio,
1967 2298 2229 2345 acerbiorem
2262 2310 2394 2356 quam
2427 2297 2667 2355 nequissimi
2693 2303 2875 2349 sortem,
2901 2299 3107 2356 tanquam
3138 2297 3204 2345 in-

601 2361 825 2403 nocentiae
858 2373 958 2401 suae
986 2361 1251 2418 praemium,
1293 2362 1453 2419 experti
1485 2368 1600 2405 sunt.
1663 2360 1737 2406 His
1769 2368 1914 2404 autem
1961 2361 2059 2406 viris
2102 2375 2188 2402 non
2237 2359 2320 2403 hoc
2357 2358 2525 2406 videtur
2570 2359 2696 2406 fuisse
2737 2361 2999 2420 propositum
3032 2368 3081 2408 ut
3110 2373 3205 2408 sues

599 2423 679 2480 ipsi
724 2419 989 2473 celebrarent
1032 2422 1181 2465 laudes
1231 2421 1614 2483 praedicaremque
1664 2422 1717 2465 de
1760 2438 1804 2465 se
1842 2423 1923 2480 ipsi
1964 2431 2008 2467 et
2047 2424 2202 2477 milites
2247 2423 2515 2470 imitarentur
2561 2422 2792 2479 gloriosos,
2841 2436 2922 2468 nec
2966 2424 3094 2468 etiam
3131 2429 3204 2472 ut,

603 2483 829 2528 recolenda
875 2485 1194 2541 praeclarorum
1238 2485 1451 2529 factorum
1502 2486 1706 2533 memoria
1725 2516 1739 2536 ,
1786 2483 1927 2537 denuo
1973 2486 2107 2545 gloria
2151 2501 2225 2531 sua
2269 2486 2510 2535 fruerentur
2557 2484 2694 2534 otiosi.
2770 2484 2866 2538 imo
2907 2499 3018 2537 vero,
3058 2485 3094 2531 si
3126 2498 3206 2531 co.-

603 2549 812 2605 gitamus,
862 2546 978 2605 quod
1010 2546 1184 2594 historia
1215 2546 1374 2600 docet,
1402 2548 1626 2606 plerosque
1656 2561 1750 2599 eos,
1785 2548 1862 2606 qui
1893 2546 2071 2607 quidem
2103 2555 2202 2595 ante
2232 2547 2411 2604 Augusti
2445 2553 2632 2603 tempora
2665 2545 2719 2590 de
2759 2561 2835 2593 sua
2863 2546 2941 2605 ipsi
2967 2545 3206 2605 scripserint

602 2610 688 2654 vita
708 2641 720 2662 ,
763 2608 944 2667 optimos
994 2604 1389 2671 probatissimosque
1427 2612 1562 2665 viros,
1596 2610 1772 2670 egregie
1820 2608 1874 2658 de
1923 2611 2059 2671 patria
2088 2625 2164 2659 sua
2194 2610 2362 2657 meritos
2395 2616 2437 2655 et
2463 2609 2635 2654 summis
2667 2607 2910 2667 perfunctos
2938 2606 3204 2659 honoribus,

603 2674 730 2718 fuisse
780 2687 876 2715 mox
919 2673 1004 2716 sive
1046 2689 1122 2731 per
1166 2673 1400 2726 invidiam,
1444 2689 1556 2732 quae
1605 2682 1814 2732 perpetue
1850 2674 1958 2720 solet
2004 2690 2090 2720 esse
2123 2675 2282 2731 gloriae
2314 2687 2488 2723 comes,
2519 2673 2747 2716 immeritas
2780 2674 2960 2729 repulsas
2992 2687 3130 2730 passos
3162 2680 3205 2715 et

606 2735 859 2792 gravissimis
901 2734 1213 2781 calamitatibus
1243 2734 1446 2794 affectos,
1491 2736 1578 2781 sive
1616 2750 1692 2796 per
1731 2735 1988 2783 calumniam
2035 2736 2080 2783 in
2129 2734 2392 2791 durissimam
2437 2740 2595 2780 sortem
2642 2733 2708 2780 vel
2754 2733 2799 2780 in
2827 2732 3063 2792 periculum
3097 2733 3205 2779 vitae

606 2800 822 2856 dssapsos,
860 2798 1023 2855 saepius
1064 2799 1191 2841 etiam
1225 2812 1248 2843 e
1292 2801 1427 2858 patria
1468 2800 1608 2858 pulsos
1657 2799 1801 2857 exsilio
1844 2798 2164 2860 indignissim03
2215 2798 2320 2849 baec
2360 2798 2494 2858 igitur
2536 2797 2570 2845 si
2618 2798 2884 2856 cogitamus.
2934 2808 3206 2859 nequaquam

606 2862 790 2901 dubium
834 2860 1004 2904 videtur
1049 2875 1134 2902 esse
1175 2863 1280 2919 quin
1313 2862 1511 2910 omnibus
1553 2863 1600 2905 iis
1643 2861 1751 2910 haec
1775 2858 1778 2861 ’
1801 2875 1886 2910 una
1931 2861 2165 2921 eademque
2211 2862 2342 2906 suerit
2385 2859 2598 2905 scribendi
2638 2872 2796 2913 causa,
2847 2867 2896 2904 ut
2926 2859 3207 2911 defenderent

606 2939 681 2973 se,
728 2936 813 2963 non
859 2929 906 2963 ut
957 2922 1265 2978 gloriarentur,
1305 2932 1438 2983 utque
1485 2923 1732 2981 aequalibus
1769 2926 1850 2975 suis
1897 2924 2154 2982 esplicarent
2197 2925 2345 2983 quales
2386 2936 2551 2980 sempsr
2584 2922 2745 2968 ruerint
2774 2922 2820 2967 in
2849 2937 2938 2967 rem
2971 2922 3205 2982 publium,

604 2997 826 3043 quamque
870 2982 1047 3040 indigne
1091 2985 1255 3042 experti
1302 2986 1383 3027 sint
1431 2986 1619 3043 ingratos
1660 2986 1822 3030 civium
1860 2989 2032 3039 suorum
2075 2989 2255 3041 δώωσι,
2317 2985 2465 3042 Quos.
2525 2997 2660 3042 quum
2705 2998 2832 3042 agero
2872 2998 3043 3031 cauum
3086 2996 3206 3036 tuom

606 3045 855 3090 viderentur
917 3059 1017 3088 cum
1063 3046 1343 3105 aequalibus,
1394 3048 1461 3093 vix
1498 3047 1599 3090 falsa
1638 3046 1884 3105 praedicare
1926 3049 2106 3105 potuisse
2147 3049 2274 3100 iacile
2335 3047 2500 3092 creditu
2553 3054 2638 3090 est:
2704 3054 2967 3105 quapropter
3005 3061 3030 3094 e
3063 3044 3207 3099 uidem

609 3110 762 3167 opinor
806 3107 859 3151 de
902 3107 964 3151 bis
1010 3124 1129 3166 posse
1178 3108 1292 3161 dici,
1337 3107 1455 3168 quod
1496 3108 1644 3153 Cicero
1675 3110 1720 3155 in
1752 3108 1910 3155 Catone
1941 3111 2095 3156 Maiore
2118 3125 2157 3156 e.
2198 3112 2267 3155 to.
2306 3113 2381 3167 31.
2407 3110 2553 3159 scribit
2581 3108 2634 3153 de
2666 3109 2871 3162 Nestore,
2903 3108 3017 3167 apud
3084 3122 3208 3157 nme·

611 3186 708 3215 rum
757 3170 993 3227 saepissime
1024 3172 1088 3217 de
1133 3170 1361 3220 virtutihus
1404 3174 1487 3217 suis
1531 3170 1827 3230 praedicante,
1873 3169 1969 3227 Nee
2008 3179 2112 3231 eret
2151 3175 2196 3218 ει·
2231 3171 2505 3225 verendum,
2543 3188 2598 3216 ne
2638 3186 2749 3222 vera
2772 3171 3057 3230 praedicans
3082 3169 3136 3217 ds
3160 3186 3207 3216 se

611 3235 761 3277 nimis
804 3232 1043 3277 videretur
1071 3241 1157 3277 aut
1184 3232 1388 3277 insolens
1419 3243 1506 3278 aut
1536 3234 1719 3293 loquax.
1786 3235 1848 3279 De
1880 3234 2048 3279 duobus
2089 3236 2232 3291 saltem
2279 3239 2396 3287 viris,
2444 3237 2518 3294 qui
2555 3236 2680 3291 primi
2711 3236 2820 3277 inter
2847 3238 3058 3279 Romanos
3088 3248 3208 3276 suam

610 3297 690 3354 ipsi
731 3297 855 3337 vitam
909 3298 1134 3339 narravisse
1186 3296 1422 3357 dicuntur,
1464 3299 1627 3349 Scauro
1668 3306 1711 3341 et
1758 3298 1949 3355 Rutilio,
1992 3297 2141 3343 diserte
2188 3299 2343 3354 scribit⁴
2379 3299 2550 3352 Tacitus
2599 3295 2639 3338 id
2684 3297 2731 3339 iis
2771 3312 2860 3340 non
2904 3299 3031 3341 eitra
3060 3294 3208 3354 fidem

612 3366 698 3401 aut
733 3357 1057 3402 obtrectationi
1087 3359 1228 3402 ruisse.
1291 3360 1376 3409 Sed
1409 3361 1553 3417 locum
1584 3359 1748 3417 Taciti,
1786 3360 1867 3412 hac
1895 3361 1949 3416 de
1980 3376 2025 3405 re
2056 3362 2307 3417 classicum.⁵²
2347 3361 2627 3416 eucriquus
2659 3360 2888 3418 integrum.
2956 3361 3033 3403 Hic
3076 3359 3209 3415 igitur

611 3414 656 3464 iu‘
708 3422 790 3462 vita
834 3421 1058 3476 Agricolae
1095 3435 1133 3463 c.
1166 3424 1206 3464 1.
1274 3412 1557 3474 Clarorum,
1601 3423 1766 3480 inquit,
1802 3413 2016 3467 virorum
2034 3423 2176 3483 saeta
2205 3438 2441 3484 mov-eoque
2462 3424 2668 3480 posteris
2698 3422 2907 3473 tradere,
2938 3422 3209 3481 antiquitus

613 3485 876 3532 usitatum.
918 3498 972 3530 ne
1016 3485 1196 3527 nostrie
1238 3484 1427 3545 quidem
1455 3485 1740 3544 temporibus
1753 3518 1773 3543 ,Ι
1800 3502 2083 3547 quamquam
2113 3488 2353 3530 inesse-ioca
2382 3500 2588 3539 summ,
2621 3493 2763 3539 adn
2784 3487 2964 3537 omisit,
2997 3485 3210 3544 quotiens

617 3562 790 3604 magna
836 3543 1004 3603 aliqua
1053 3562 1107 3589 ao
1150 3545 1324 3589 nobilis
1354 3549 1513 3590 virtus
1540 3550 1655 3593 vicie
1685 3564 1740 3592 ao
1764 3548 2069 3608 supergressa
2099 3557 2168 3592 set
2199 3544 2403 3601 vitium}
2430 3551 2602 3609 ματαίᾳ
2629 3550 2907 3607 wniwffl
2933 3548 3210 3601 civitatibus

615 3622 870 3660 eornmune,
904 3608 1233 3667 ignorantiam
1263 3610 1381 3652 recti
1409 3617 1452 3654 et
1482 3609 1730 3666 invidiam.
1780 3608 1870 3658 Sed
1900 3610 2028 3670 opud
2065 3613 2255 3670 priores
2297 3621 2351 3656 ut
2377 3627 2516 3672 ages-s
2545 3618 2806 3668 memoratu
2835 3609 2986 3670 digna
3003 3625 3209 3669 prom

617 3672 859 3731 magisque
905 3672 956 3714 in
993 3678 1156 3729 aperto
1197 3678 1320 3724 erat,·
1353 3673 1426 3716 ita
1459 3672 1782 3719 celeberrimus
1815 3676 2009 3734 quisque
2041 3676 2254 3735 ingenio,
2285 3675 2350 3720 ad
2367 3673 2652 3733 prodendam
2682 3675 2882 3718 virtutis
2908 3675 3206 3731 memoriam,
