3442 4094
1890 136 1925 185 4

1533 262 1582 318 ς.
1622 262 1663 305 t.
1727 261 1782 305 n.
1816 259 2031 306 Amnius
2063 261 2279 307 &Annum

670 385 830 429 Eorum
885 384 1017 441 igitur
1083 385 1157 441 qui
1214 384 1326 426 iuter
1374 384 1588 428 Romanos
1630 398 1751 427 suam
1801 385 1881 441 ipsi
1926 385 2055 428 vitam
2104 397 2290 441 narrasse
2333 383 2566 437 dicuutur,
2611 386 2730 443 quod
2772 387 2949 447 quidem
2992 393 3205 446 numus,

608 449 767 505 primus
810 447 891 489 fuit
937 446 992 488 M.
1040 444 1247 489 Aemilius
1291 445 1503 498 Scaurus,
1552 447 1586 489 is
1630 447 1705 505 qui
1755 446 1955 504 Princeps
1995 447 2175 491 Senatus
2215 446 2353 490 dictus
2391 451 2477 498 est,
2527 452 2647 505 pater
2677 447 2856 502 Scauri,
2902 465 2981 508 pro
3011 467 3101 512 quo
3130 454 3208 499 ci..

607 525 707 553 cero
754 508 904 551 habuit
951 509 1212 560 emtionem,
1261 516 1387 552 natus
1428 523 1468 553 a.
1513 509 1566 553 U.
1607 508 1655 553 C.
1702 511 1811 553 591.
1874 510 2011 553 Huius
2054 510 2114 553 rei
2160 516 2282 552 testes
2310 516 2431 553 sunt:
2479 509 2625 553 Cicero
2664 509 2709 552 iu
2751 510 2884 555 Bruto
2911 526 2951 559 c.
2988 516 3063 560 29.
3102 518 3207 562 111.

608 573 669 615 In
709 569 881 617 Scauri
927 572 1137 614 oratione
1183 571 1415 629 sapientie
1464 570 1668 614 hominis
1707 577 1759 613 'st
1805 572 1949 627 recti,
1978 572 2205 632 gravitas
2234 585 2419 615 ummo
2450 578 2493 614 st
2519 570 2763 616 naturalis
2789 573 3017 632 quaedam
3050 578 3208 623 imas

605 635 895 684 auotoritas,
944 648 1035 675 non
1078 641 1132 676 ut
1178 647 1396 685 oausam,
1442 632 1522 675 esd
1563 639 1618 675 ut
1664 633 1984 689 testimonium
2027 633 2178 676 dicere
2211 640 2436 692 putarer,
2457 626 2613 694 'quum
2646 648 2736 692 pro
2767 649 2844 678 reo
2875 635 3061 681 diceret.
3113 638 3210 684 Eoo

605 695 788 740 dicendi
825 710 977 755 genae
1026 694 1091 738 ad
1131 696 1406 753 patrocinia
1449 694 1746 738 mediocriter
1782 701 1949 752 aptum
1995 693 2270 738 videbatur.-
2316 695 2382 738 ad
2422 697 2709 741 amator-iam
2751 710 2857 740 vero
2896 699 3176 746 sententiam
3191 735 3203 754 ,

604 761 740 802 cuiue
788 766 892 801 erat
939 757 1024 801 ille
1063 760 1314 816 princepe,
1366 758 1440 813 vel
1486 758 1703 801 nmium
1769 754 1826 801 Si
1894 753 2083 814 {ficabat
2131 757 2256 801 enim
2302 771 2393 800 non
2431 758 2735 816 prudentiam
2766 759 2946 814 colum,
2978 760 3058 804 ced
3085 763 3210 821 quod

604 824 810 865 maxime
855 835 953 862 rem
999 819 1283 872 continebat,
1319 818 1483 877 fidem.
1561 817 1769 863 Habebat
1850 832 1898 861 oo
1943 833 1974 862 a
2017 826 2194 873 natura
2241 820 2375 877 ipsa,
2427 819 2551 879 quod
2589 837 2619 864 a
2659 820 2879 866 doctrina
2919 838 3011 866 non
3061 822 3209 879 facile

598 891 767 941 ponet.
802 905 829 914 -
845 905 871 914 -
910 881 1061 924 Huius
1109 888 1153 923 et
1201 882 1435 923 orationes
1473 887 1606 932 eunt,
1656 886 1701 921 et
1747 886 1845 934 trec=
1885 879 1951 922 ad
1977 879 2034 924 L.
2067 879 2305 938 Fufidium
2339 881 2459 924 libri
2490 885 2664 941 scripti
2696 879 2749 924 de
2778 886 2881 927 vita
2913 886 3070 942 ἱρήια
3101 893 3208 928 aaa

604 961 713 988 eam
757 944 902 987 utiles
913 960 932 996 ς
982 957 1095 1001 quoe
1137 957 1266 985 nomo
1312 942 1463 1002 legit.-
1513 949 1566 984 at
1613 942 1729 999 Cyri
1770 943 1921 985 vitam
1955 949 2000 984 et
2029 940 2337 1000 disciplinam
2371 942 2560 1003 legunt.
2585 944 2891 1002 praeclaram
2923 947 3064 990 illam
3095 950 3207 1006 qui-

603 1009 704 1052 dem
719 1041 730 1060 ,
781 1007 861 1050 sed
901 1022 1040 1065 neque
1087 1012 1188 1048 tam
1233 1003 1369 1048 νεῖται
1413 1006 1595 1049 metris
1639 1011 1802 1062 aptam
1817 1037 1829 1056 ,
1879 1019 1961 1060 neo
2005 1011 2158 1048 tamen
2205 1001 2378 1049 Scauri
2430 1005 2649 1050 laudibus
2706 1008 3079 1066 anteponendam.
3154 1011 3207 1054 Et

602 1072 792 1121 Plinius,
841 1069 916 1128 qui
965 1071 1010 1111 in
1062 1069 1167 1112 nist.
1217 1067 1315 1111 Nat.
1359 1069 1404 1112 L.
1456 1066 1661 1111 mm.
1714 1081 1755 1112 c.
1803 1068 1847 1110 6.
1907 1068 1954 1111 L.
1999 1066 2211 1111 Fufidium
2256 1069 2497 1120 nominans,
2544 1068 2691 1111 addit:
2738 1069 2802 1113 ad
2832 1086 2965 1129 quem
3001 1070 3214 1118 Scaurum

605 1134 657 1176 de
708 1134 811 1176 vita
852 1146 937 1173 cua
979 1131 1192 1188 scripsit.
1259 1131 1367 1173 Tum
1420 1144 1518 1173 vero
1560 1128 1731 1171 Tacitus
1771 1130 1814 1170 in
1847 1127 1992 1186 Agric.
2027 1143 2067 1172 c.
2105 1132 2147 1172 1.
2180 1130 2305 1173 cuius
2335 1131 2627 1174 testimonium
2660 1130 2745 1173 iam
2779 1133 3013 1177 citavimus.
3081 1137 3207 1179 Deni-

602 1210 687 1254 que
719 1194 910 1240 Valerius
939 1194 1143 1236 Maximus
1173 1193 1220 1235 L.
1252 1193 1329 1238 lv.
1361 1206 1401 1237 c.
1433 1194 1473 1235 4.
1512 1193 1583 1233 11.
1653 1188 1724 1234 M.
1772 1197 1928 1233 autem
1973 1188 2181 1235 Senum
2223 1191 2506 1250 quantulum
2552 1208 2581 1236 a
2624 1200 2763 1252 patre
2796 1192 3101 1240 hereditatem
3132 1212 3205 1240 ae-

600 1258 795 1315 ceperit,
846 1258 901 1297 in
937 1256 1100 1313 primo
1140 1254 1265 1296 libro
1297 1268 1456 1296 eorum
1472 1284 1486 1305 ,
1522 1266 1635 1310 quoe
1667 1250 1720 1294 de
1749 1253 1850 1295 vita
1882 1268 1969 1295 ma
2002 1254 2225 1310 scripsit,
2258 1252 2422 1311 refert.
2489 1254 2654 1309 Quibus
2685 1254 2899 1299 accedunt
2930 1256 3206 1303 Grammatici

600 1319 808 1363 Charisius
856 1325 896 1360 et
946 1315 1190 1369 Diomede„
1243 1329 1429 1375 quorum
1480 1314 1633 1365 verba,
1683 1314 1840 1373 quibus
1888 1316 2142 1372 Fragmenta
2186 1329 2236 1358 ex
2283 1314 2394 1358 hisce
2438 1316 2556 1358 libris
2602 1318 2900 1373 continentur,
2944 1321 3204 1363 memorabi-

599 1398 692 1425 mus
724 1381 850 1423 infra.

664 1446 725 1486 De
773 1444 820 1485 L.
866 1440 1060 1493 Fufidio,
1106 1441 1159 1482 ad
1205 1454 1336 1498 quem
1362 1440 1568 1482 .Seaurus
1617 1437 1746 1481 libros
1789 1453 1885 1481 suos
1927 1439 2119 1496 scripsit,
2156 1437 2262 1481 nihil
2294 1440 2398 1481 certi
2433 1439 2601 1483 ridetur
2634 1455 2751 1496 posse
2787 1441 2871 1483 dici
2905 1429 3203 1500 praeterquam

602 1506 719 1566 quod
768 1505 972 1548 continuo
1022 1503 1221 1561 deinceps
1278 1501 1391 1560 apud
1456 1500 1703 1545 Ciceronem
1755 1501 1935 1557 legitur:
2003 1499 2108 1558 Ipse
2156 1502 2300 1544 etiam
2349 1499 2566 1560 Fufidius
2613 1503 2666 1546 in
2709 1501 2870 1562 aliquo
2894 1511 3206 1562 patronorum

602 1583 793 1613 numero
825 1566 952 1626 suit.
1032 1566 1221 1609 Editores
1269 1565 1391 1608 Plinii
1440 1564 1704 1621 suspicantur
1745 1562 1972 1620 significari
2021 1571 2183 1620 patrem
2232 1565 2344 1607 illius
2389 1563 2570 1617 Fufidii,
2622 1566 2774 1624 equitis
2822 1567 3025 1618 Romani,
3073 1582 3205 1626 quem

600 1637 646 1677 L.
698 1635 789 1675 Piso
842 1631 1065 1688 proconsul
1096 1628 1365 1672 Macedoniae
1399 1627 1649 1670 creditorem
1681 1625 1939 1668 debitoribus
1977 1627 2062 1669 suis
2093 1625 2279 1678 addixit,
2315 1633 2418 1669 teste
2449 1626 2652 1670 Cicerone
2687 1628 2730 1670 iu
2764 1629 2903 1672 Pison.
2939 1643 2977 1672 c.
3015 1632 3090 1673 35.
3127 1633 3203 1675 86.

602 1696 785 1739 Orellius
819 1695 862 1736 in
896 1692 1051 1735 onom.
1087 1691 1198 1735 Tull.
1233 1692 1281 1733 P.
1315 1690 1375 1732 11.
1411 1705 1454 1745 p.
1490 1689 1598 1733 258.
1633 1695 1831 1745 provocat
1864 1687 1916 1730 ad
1949 1687 2185 1731 Ruhnken.
2217 1688 2270 1732 ad
2305 1689 2516 1733 Velleium
2549 1690 2595 1732 L.
2631 1690 2689 1734 11.
2724 1704 2763 1734 c.
2801 1692 2875 1734 16.
2910 1706 2954 1748 p.
2992 1692 3096 1736 119.

661 1760 722 1801 De
781 1762 1036 1813 argumento
1101 1753 1250 1796 horum
1307 1752 1543 1803 librorum,
1593 1751 1697 1809 qui,
1748 1750 1931 1808 exceptis
1976 1750 2235 1808 paucissimis
2281 1750 2568 1808 Fragmentis,
2617 1753 2782 1809 penitus
2825 1754 3107 1808 interierunt,
3157 1763 3204 1798 ut

596 1820 783 1879 quodam
834 1817 959 1863 modo
1006 1816 1196 1859 iudicare
1246 1815 1478 1872 possimus,
1531 1827 1616 1854 non
1670 1811 1744 1854 abs
1792 1827 1838 1854 re
1885 1813 1977 1854 sore
2019 1812 2230 1862 arbitror,
2279 1814 2337 1864 si,
2386 1813 2504 1871 quod
2553 1815 2680 1856 etiam
2725 1815 2770 1857 in
2816 1817 2966 1859 ceteris
3014 1818 3089 1858 erit
3133 1817 3203 1859 fa-

597 1882 823 1932 ciendum,
877 1879 1022 1937 paucis
1073 1877 1385 1922 adumbravero
1431 1875 1579 1919 Scauri
1628 1875 1787 1925 vitam,
1839 1881 2047 1931 quantum
2096 1873 2273 1931 quidem
2325 1889 2399 1931 per
2448 1881 2636 1917 veterum
2681 1877 2934 1933 scriptorum
2970 1880 3202 1921 testimonia

597 1946 758 1989 licebit.
825 1943 894 1986 Sic
939 1941 1085 1984 saltem
1133 1953 1195 1982 res
1242 1945 1283 1980 et
1324 1937 1435 1980 facta
1483 1949 1812 1994 cognoscemus,
1879 1950 1990 1994 quae
2036 1934 2151 1991 bisce
2196 1935 2312 1979 libris
2361 1938 2545 1993 exposita
2590 1937 2709 1979 fuere
2774 1939 2838 1980 vel
2885 1946 2999 1981 certe
3052 1942 3202 1997 exponi

630 2008 781 2059 otuisse
815 2005 1030 2049 videntur.

599 2024 625 2065 p
662 2071 847 2113 Scaurus
895 2069 1055 2125 igitur,
1108 2064 1175 2124 (ut
1222 2066 1391 2107 initium
1421 2065 1580 2107 'faciam
1621 2078 1644 2105 a
1679 2077 1863 2121 genere.
1897 2063 1950 2105 de
1983 2078 2071 2121 quo
2101 2063 2238 2120 ipsum
2274 2077 2447 2121 quoque
2480 2065 2715 2120 exposuisse
2750 2064 2954 2106 docemur
2987 2079 3010 2106 e
3046 2065 3202 2109 Valerii

599 2133 770 2176 Maximi
817 2131 846 2172 l.
895 2128 956 2186 c.)
1008 2135 1112 2169 teste
1155 2128 1357 2169 Cicerone
1399 2141 1476 2182 pro
1518 2128 1627 2168 Mur.
1673 2139 1712 2166 c.
1765 2127 1809 2167 7.
1857 2127 1928 2169 16.
1973 2126 2246 2171 memoriam
2282 2139 2428 2181 prope
2469 2127 2832 2167 intermortuam
2872 2128 3064 2183 generis
3100 2129 3198 2178 eui,

601 2197 783 2236 virtute
828 2191 1082 2234 renovavit.
1148 2188 1273 2243 Quod
1321 2187 1484 2229 dictum
1531 2195 1623 2230 tum
1672 2185 1845 2228 demum
1893 2186 2205 2243 intelligemus,
2254 2185 2288 2227 si
2338 2185 2610 2229 recordamur
2646 2201 2758 2244 quae
2800 2187 3004 2230 Asconius
3044 2190 3203 2230 notarit

602 2258 657 2300 ad
704 2255 981 2299 Scaurianam
1027 2267 1066 2295 c.
1117 2254 1155 2294 1.
1207 2253 1248 2294 4.
1291 2265 1333 2307 p.
1384 2251 1460 2293 22.
1528 2247 1613 2293 On.
1681 2246 1888 2292 Scaurus
1930 2249 2005 2292 ita
2039 2246 2152 2306 fuit
2183 2249 2453 2307 patricius,
2487 2255 2542 2291 ut
2575 2248 2732 2292 tribue
2762 2263 2910 2307 cupra
2942 2264 3043 2293 essm
3077 2258 3200 2304 asta-

602 2319 732 2362 ribus
778 2317 982 2360 iacuerit
1028 2313 1190 2356 domus
1238 2314 1339 2354 eius
1374 2311 1597 2370 fortuna.
1662 2309 1790 2354 Nam
1832 2326 1970 2370 neque
2012 2318 2150 2370 pater
2190 2326 2330 2369 neque
2378 2326 2495 2353 avus
2532 2326 2673 2370 neque
2715 2313 2860 2354 etiam
2889 2326 3093 2369 proavus
3129 2312 3200 2370 (ut

602 2389 741 2440 puto,
786 2386 985 2437 propter
1032 2384 1187 2419 tenue:
1235 2390 1337 2432 opes
1380 2381 1424 2417 et
1468 2373 1654 2416 nullam
1704 2375 1827 2416 vita·
1870 2370 2180 2431 industriam)
2232 2372 2421 2416 honores
2452 2372 2611 2430 adepti
2639 2381 2765 2418 eunt.
2831 2373 2997 2433 Itaque
3028 2372 3204 2419 Scauro

600 2458 737 2502 aeque
777 2457 832 2485 ao
876 2454 990 2483 novo
1038 2438 1221 2481 homini
1268 2435 1570 2479 laborandum
1590 2434 1718 2493 suit.
1782 2436 1982 2486 Scilicet,
2015 2442 2063 2478 ut
2090 2435 2270 2492 legimus
2300 2434 2412 2492 apud
2441 2436 2673 2479 Auctorem
2707 2435 2761 2478 de
2793 2437 2903 2481 Viris
2934 2436 3198 2488 illustribus,

600 2510 677 2566 qui
725 2506 851 2563 vulgo
897 2502 1097 2547 Aurelius
1139 2501 1288 2547 Victor
1323 2507 1525 2550 vocatur,
1560 2511 1600 2541 c.
1637 2499 1712 2541 72.
1746 2505 1884 2556 pater
1926 2499 2052 2549 siue,
2102 2497 2318 2556 quamvis
2350 2498 2615 2555 patriciae,
2647 2497 2700 2541 ob
2719 2504 3049 2556 paupertatem
3090 2513 3202 2543 oar-

607 2570 851 2612 bonarium
901 2566 1142 2625 negotium
1187 2563 1420 2616 exercuit.-
1462 2567 1749 2620 quapropter
1784 2562 1946 2618 primo
1993 2561 2094 2618 ipse
2140 2559 2401 2611 dubitavit,
2456 2559 2645 2603 Itonos-ee
2683 2567 2862 2618 peteret
2875 2591 2889 2612 ‚
2931 2575 2994 2604 oss
3032 2576 3200 2621 argm-

607 2633 788 2674 tariam
809 2627 1023 2686 saeeret3
1063 2625 1143 2668 ced
1172 2625 1456 2684 eloquentiae
1485 2623 1751 2674 eonmltru,
1783 2637 1839 2666 ear
1870 2638 1921 2665 ea
1948 2622 2163 2681 gloriam
2187 2624 2388 2679 peperit.

669 2692 840 2738 Primo
881 2692 935 2733 in
979 2688 1214 2746 Hispania
1264 2685 1554 2729 corniculum
1596 2686 1800 2738 meruit,
1851 2692 1900 2727 ut
1945 2684 2093 2726 scribit
2141 2685 2249 2728 Aur.
2296 2684 2410 2729 Vict.
2457 2697 2545 2742 quo
2576 2685 2738 2726 scilicet
2781 2693 3026 2727 ornamento
3058 2686 3202 2742 galeae

605 2755 868 2800 ornabantur
898 2754 927 2795 ii
961 2752 1141 2801 milites,
1188 2749 1264 2809 qui
1311 2764 1375 2791 res
1414 2748 1523 2805 bene
1564 2754 1802 2804 gesserant;
1847 2753 1894 2789 ut
1928 2746 2141 2804 explicant
2173 2746 2428 2803 Interpretes
2459 2745 2513 2788 ad
2542 2760 2641 2789 eum
2669 2739 2818 2789 ¹locum
2848 2742 2900 2789 et¹
2925 2762 3030 2805 quos
3060 2747 3202 2790 laudat

602 2820 794 2865 Vorstius
824 2815 876 2858 ad
910 2815 1055 2861 vater.
1086 2813 1194 2855 Max.
1227 2812 1273 2858 L.
1306 2812 1382 2856 vl.
1411 2825 1456 2856 c.
1492 2814 1533 2854 1.
1575 2811 1647 2853 12.
2934 2823 2937 2826 -

670 2882 819 2924 Postea
865 2877 949 2920 suh
988 2875 1149 2920 Oreste
1196 2875 1250 2916 in
1280 2871 1509 2916 Sardinia
1540 2870 1775 2930 stipendia
1788 2870 1927 2932 feeit,
1955 2871 2013 2913 ita
2046 2872 2186 2930 pergit
2210 2871 2315 2927 Aur.
2346 2870 2461 2929 Viet.
2499 2870 2658 2928 Nempe
2691 2870 2736 2915 L.
2772 2871 2970 2925 Aurelius
3002 2872 3197 2925 Orestes,

606 2943 753 2989 consul
786 2958 825 2984 a.
861 2941 968 2985 628.
1004 2937 1252 2981 rebellantes
1283 2935 1436 2979 Sardos
1467 2934 1659 2995 subegit,
1695 2940 1741 2975 ut
1775 2933 1930 2991 legitur
1962 2934 2006 2975 in
2037 2933 2233 2991 Epitorue
2261 2933 2433 2976 Liviana
2466 2933 2513 2976 L.
2548 2933 2636 2976 Lx.

669 3007 777 3050 Tum
829 3016 1002 3063 quoque
1053 3001 1261 3056 Quaestor
1302 2999 1428 3041 fuisse
1478 2997 1667 3039 videtur:
1714 3009 1974 3054 quamquam
2024 2996 2077 3037 de
2118 2996 2352 3051 Quaestum
2384 3002 2495 3038 tacet
2523 2995 2575 3038 A.
2610 2996 2665 3040 V.
2731 2997 2833 3038 Eam
2865 3004 3009 3039 autem
3053 3011 3199 3053 gerere

603 3069 752 3112 debuit
800 3082 839 3109 a.
888 3066 996 3109 629.
1052 3065 1101 3106 In
1136 3076 1225 3119 quo
1272 3062 1522 3117 magistratu
1569 3058 1700 3100 voluit
1736 3065 1970 3113 praetorem
2002 3070 2229 3109 accusare,
2261 3057 2334 3100 sed
2366 3060 2572 3106 nominis
2603 3057 2841 3116 deferendi
2867 3065 3072 3115 potestas
3103 3061 3201 3117 ipsi

601 3148 691 3174 non
736 3130 850 3172 data
903 3135 974 3170 eet
1029 3128 1082 3168 in
1133 3125 1187 3169 L.
1238 3123 1479 3179 Flaccum,
1540 3130 1587 3164 ut
1649 3120 1795 3162 scribit
1847 3119 1993 3164 (ἴσθι-ο
2040 3121 2083 3163 in
2140 3121 2276 3163 Divin.
2321 3120 2366 3163 in
2415 3121 2570 3165 Caecil.
2620 3135 2660 3166 c.
2704 3121 2787 3167 219.
2834 3121 2912 3164 63.
2955 3120 3028 3164 ubi
3078 3123 3199 3179 plura

602 3194 795 3250 exempla
841 3182 1066 3233 meinorari
1120 3188 1434 3242 Quaestorum,
1485 3184 1558 3243 qui
1606 3189 1820 3241 praetores
1857 3196 1957 3239 ‘suos
2001 3196 2086 3225 non
2132 3183 2320 3241 permissi
2368 3190 2464 3239 sunt
2518 3195 2744 3246 accusare,
2792 3183 2950 3225 notavit
2999 3183 3198 3228 Pseudo-

598 3259 766 3302 Aseon.-
821 3289 830 3298 .
870 3255 972 3297 123.
1007 3251 1091 3296 On.
1755 3250 1757 3252 ’
2131 3249 2135 3253 ’
2434 3247 2450 3256 ·’
2849 3272 2854 3277 .

666 3271 815 3364 l'orrop
845 3316 1004 3361 Aedilis
1049 3313 1216 3358 Curulis
1259 3312 1397 3355 factus
1445 3324 1485 3354 a.
1535 3311 1646 3353 631.
1694 3315 1867 3368 propter
1914 3315 2242 3366 paupertatem,
2290 3308 2459 3366 priuatis
2500 3306 2744 3365 sumptibus
2789 3306 2895 3351 nihil
2926 3309 3045 3352 auxit
3073 3309 3198 3358 ludo-

601 3399 725 3434 rum,
790 3396 897 3440 quos
954 3394 1005 3422 ex
1054 3376 1194 3422 officio
1240 3375 1382 3420 facere
1439 3372 1649 3425 debebat,
1699 3370 2059 3429 magnificentiam
2108 3378 2151 3416 et
2197 3370 2486 3429 splendorem:
2535 3369 2607 3416 sed
2657 3370 2834 3429 gratiam
2882 3372 3021 3429 potius
3066 3380 3197 3432 atque

603 3445 900 3490 auctoritatem
950 3441 1027 3485 sibi
1073 3439 1332 3496 comparavit
1378 3438 1534 3480 iustitia
1579 3442 1709 3493 atque
1752 3435 1967 3493 aequitate
2005 3433 2307 3492 iurisdictionis
2334 3433 2586 3489 Aedilitia05
2621 3441 2878 3494 quapropter
2927 3435 3033 3476 Aur.
3085 3435 3195 3479 Vict.

604 3513 686 3553 ait:
722 3498 1077 3554 Aedilie‚'iuri
1108 3500 1332 3545 reddendo
1361 3499 1546 3560 magis,
1582 3512 1722 3557 quam
1756 3498 1940 3540 muneri
1968 3495 2134 3558 edendo
2161 3490 2365 3560 ptuduit.
2570 3508 2573 3511 ·
3122 3519 3128 3522 -

668 3572 818 3614 Utrum
867 3570 1065 3610 Praetura
1111 3565 1283 3606 functus
1331 3564 1409 3613 sit,
1461 3576 1525 3603 res
1575 3557 1741 3616 ridetur
1786 3557 1961 3601 ineerta.
2029 3558 2395 3614 Pighius‘saltem
2445 3557 2598 3613 Annal.
2646 3557 2771 3601 Rom.
2820 3556 2868 3599 T.
2918 3557 2999 3601 nl.
3039 3573 3083 3615 p.
3120 3562 3196 3604 75.

601 3636 810 3676 Scaurum
845 3638 1082 3688 praetorem
1112 3627 1269 3669 faciens
1302 3640 1341 3668 a.
1373 3626 1481 3668 634.
1517 3618 1680 3666 nullum
1713 3620 1888 3665 adducit
1921 3621 2223 3664 testimonium.
2272 3621 2323 3664 Et
2354 3619 2484 3679 quod*
2504 3621 2607 3665 Aur.
2641 3619 2752 3665 Viet.
2787 3618 2958 3663 scribit:
2995 3609 3197 3676 Praetor·
