3442 4094
1953 164 2012 218 12

680 304 756 348 ubi
813 304 934 346 illum
992 303 1120 344 exciri
1175 299 1229 341 ad
1278 296 1487 353 proelium
1538 300 1624 335 non
1673 304 1791 348 posse
1846 296 2090 340 senserunt,
2137 296 2307 346 praeter
2351 290 2510 332 vallum
2555 292 2646 335 eius
2689 307 2826 337 versus
2871 293 2999 350 Alpes
3044 293 3126 337 iter
3172 292 3286 337 arri-

677 382 812 425 puere
867 365 1053 409 barbari.
1120 363 1203 404 Hos
1236 357 1371 401 tribus
1410 353 1671 413 agminibus
1695 351 1863 394 ltaliam
1910 357 2099 408 petentes
2143 351 2295 395 Marius
2339 352 2580 403 insecutus,
2627 353 2683 396 ad
2730 354 2872 412 Aquas
2913 356 3070 400 Sextias
3115 355 3283 400 duobu,

679 430 932 489 gravissimis
974 424 1142 484 proeliis
1191 422 1314 473 vicit;
1365 419 1501 477 primo
1550 414 1817 466 ambrones,
1865 427 1947 457 nec
1994 414 2130 457 multo
2177 420 2292 472 pos,
2341 414 2474 457 altero
2517 414 2705 470 proelio,
2754 416 2990 470 Teutones,
3022 424 3149 475 capto
3180 430 3280 476 rege

680 508 830 541 eorum
875 487 1176 537 Teutobocbo,
1227 485 1357 533 viro.
1407 488 1456 525 ut
1498 479 1647 525 Florus
1692 477 1838 521 scribit
1881 478 1927 520 L.
1975 477 2058 521 111.
2108 491 2148 522 c.
2200 479 2245 520 3.
2301 478 2372 521 10.
2413 477 2724 535 proauitae&
2762 480 3002 532 mm„
3029 482 3285 540 φύραμ’,

682 565 870 614 tropaea
913 567 1000 595 sua
1049 547 1303 600 eminebat,
1353 544 1552 589 contrivit
1598 548 1728 600 atque
1778 539 1956 584 delevit:
2007 541 2061 583 ἐπ
2100 540 2269 600 quibus
2301 541 2526 598 proeliis,
2576 546 2623 583 ut
2672 539 2829 596 tegitur
2874 543 2929 585 in.
2961 530 3202 599 Epit.,1.i'y.
3234 545 3283 588 1..
3336 575 3342 587 ,

683 620 759 662 68.
819 629 951 658 caesa
1008 612 1271 655 traduntur
1329 607 1535 657 bostium
1591 604 1785 647 amaea
1841 602 2007 657 millia
2021 633 2043 654 ‚¹
2098 610 2242 658 eapse,
2288 605 2565 662 magiam.
2597 600 2600 604 ’
2629 601 2821 645 Mas-ius
2849 602 3025 656 «m.
3067 606 3285 661 quanm„

679 678 838 723 consul
880 683 1066 720 creatus
1109 682 1175 718 est
1187 691 1206 726 ,-
1256 669 1551 728 triumphum
1594 665 1800 711 oblatum
1815 696 1828 717 ,
1878 664 2012 708 donee
2051 672 2095 708 et
2143 664 2354 709 Cimbros
2391 666 2619 718 vinceret,
2662 662 2873 707 distulit.
2937 663 2995 718 Q.
3027 673 3171 709 sutem
3203 666 3282 712 Cs-

676 742 818 793 tulus,
881 747 931 784 ut
992 746 1091 782 ante
1146 737 1261 788 dixi,
1320 734 1500 777 Cimbris
1549 744 1626 787 pes
1672 729 1876 771 Noricum
1919 727 2255 784 irrumpentibus
2304 741 2531 772 occurrere
2573 730 2732 778 iussus.
2783 740 2917 785 quum
2965 726 3092 783 Alpes
3135 737 3284 771 comm

674 812 839 853 tantam
900 802 1085 845 hostium
1140 795 1458 842 multitudinem
1504 793 1643 848 tutari,
1681 804 1725 833 se
1772 803 1860 833 non
1908 803 2025 845 posse
2075 788 2259 841 videret.
2308 791 2352 833 in
2401 789 2564 839 Galliae
2612 790 2845 847 Cisalpinae
2890 787 3044 833 finibus
3090 788 3280 835 Athesim

675 867 854 913 fluvium
903 879 952 908 ex
1003 860 1257 907 Tridentinis
1302 856 1482 915 Alpibus
1526 852 1787 896 defluentem
1832 863 1910 907 per
1957 851 2214 895 Venetorum
2259 863 2380 909 egros
2426 853 2470 895 in
2514 852 2779 896 Adriaticum
2820 865 2963 903 mare,
3014 865 3097 893 non
3131 854 3283 909 procul

677 931 876 980 Verona,
935 925 1014 970 sibi
1067 923 1118 967 ad
1172 921 1345 979 Alpium
1394 917 1555 960 radices
1604 928 1682 971 pro
1732 913 1838 953 fossa
1889 920 1931 952 et
1978 914 2088 953 vallo
2132 912 2316 970 delegit,
2369 921 2411 955 et
2453 916 2545 958 eius
2586 917 2808 956 traiectum
2857 916 2914 956 ab
2958 923 3143 973 utraque
3187 917 3281 971 ripa

709 991 916 1042 ruesldiis,
980 993 1106 1046 ponte
1156 987 1342 1032 iniecto,
1393 980 1590 1020 firmavit.
1672 977 1833 1018 Verum
1883 975 2043 1014 Cimbri
2093 990 2169 1029 per
2215 977 2331 1015 nives
2377 984 2423 1016 et
2469 992 2566 1017 saxa
2610 975 2864 1018 Tridentinis
2911 978 3032 1031 iugis·
3069 979 3282 1032 provoluti

678 1055 732 1097 ad
779 1053 942 1096 Athesis
988 1051 1176 1098 fluenta,
1226 1060 1312 1086 non
1363 1043 1513 1098 procul
1551 1056 1575 1079 a
1623 1041 1915 1080 Romanorum
1963 1038 2131 1087 castris,
2181 1037 2416 1093 Gigantum
2461 1039 2507 1080 in
2551 1053 2740 1087 morem,
2774 1037 2996 1082 urbm-ihu,
3023 1055 3074 1083 ω
3104 1040 3281 1096 scupufls

673 1118 835 1158 iniectis
880 1114 1058 1157 fluvium
1105 1106 1357 1155 avertendo,
1412 1104 1635 1147 transitum
1680 1099 1758 1143 sibi
1803 1098 1970 1151 secere;
2025 1105 2286 1156 pontemque
2330 1097 2498 1152 Catuli,
2546 1098 2720 1143 deiectis
2765 1100 2808 1142 in
2853 1100 3021 1149 alveum
3062 1101 3283 1147 arboribus

672 1181 713 1222 vi
760 1176 984 1220 defluentis
1028 1173 1149 1217 fluvii
1199 1170 1416 1225 dirupere.
1482 1165 1582 1220 Quo
1633 1170 1796 1206 terrore
1846 1161 2054 1218 compulsi
2100 1162 2312 1212 Romani,
2363 1163 2588 1221 utriusque
2634 1162 2752 1219 rip„
2797 1161 3004 1219 praedast
3037 1163 3278 1217 ‘immae'

670 1257 780 1300 quae
824 1254 919 1284 mox
970 1254 993 1280 a
1040 1234 1221 1281 Cimbris
1265 1237 1389 1289 capta
1436 1234 1559 1272 sunt:
1608 1226 1683 1284 qui
1730 1230 1914 1282 utraque
1962 1224 2050 1281 ripa
2097 1224 2219 1282 potiti
2265 1231 2427 1268 tantam
2477 1225 2679 1270 Romanis
2710 1225 3090 1269 consternationem
3124 1228 3279 1271 iniece—

669 1311 795 1355 runt,
855 1310 903 1345 ut
963 1302 1214 1357 imperatore
1268 1308 1343 1337 suo
1393 1292 1581 1341 deserto,
1636 1302 1752 1345 spem
1806 1300 1975 1328 omnem
2023 1288 2067 1327 in
2115 1288 2220 1343 fuga
2268 1295 2490 1344 ponerent.
2555 1289 2678 1330 Multi
2722 1302 2769 1328 ex
2818 1288 3033 1345 equitibus
3077 1291 3283 1334 Romanis

670 1374 781 1410 recta
831 1367 1010 1409 Romam
1061 1359 1396 1404 contenderunt:
1449 1369 1498 1396 ex
1547 1352 1706 1410 quibus
1749 1364 1857 1391 unus
1903 1364 1952 1391 ex
1997 1350 2050 1390 Μ.
2096 1350 2246 1392 Scauri
2292 1350 2494 1406 principis
2542 1351 2721 1395 Senatus
2767 1348 2864 1393 filiis
2895 1349 3064 1393 sibimet
3096 1360 3280 1395 mortem

672 1430 899 1479 conscivit,
945 1439 1080 1483 quum
1124 1430 1242 1480 pater
1285 1419 1341 1462 ob
1390 1416 1575 1459 dedecus
1620 1414 1747 1470 fugae
1792 1411 2064 1454 vehementer
2110 1412 2241 1454 iratus
2289 1412 2376 1455 filio
2425 1412 2695 1464 advenienti,
2743 1426 2796 1454 ne
2843 1426 3035 1470 unquam
3086 1415 3130 1456 in
3176 1428 3279 1457 con-

673 1498 865 1550 spectum
899 1503 1023 1533 suum
1056 1487 1243 1536 veniret,
1286 1480 1472 1526 nuntiari
1502 1477 1694 1521 iussisset.
1752 1474 1850 1520 vid.
1884 1475 2105 1518 Frontinus
2148 1475 2330 1533 Strateg.
2379 1475 2423 1519 L.
2470 1474 2547 1521 lv.
2599 1489 2638 1518 c.
2689 1477 2731 1517 1.
2781 1475 2853 1517 13.
2921 1475 3094 1518 Catulus
3138 1478 3281 1534 impe-

671 1563 784 1596 rator
834 1555 877 1595 in
926 1567 975 1594 eo
1024 1564 1164 1592 rerum
1209 1554 1319 1589 statu
1364 1557 1499 1600 quum
1550 1540 1709 1582 diutius
1753 1538 1972 1580 continere
2019 1538 2063 1578 in
2109 1539 2253 1579 castris
2298 1538 2475 1580 militem
2515 1539 2730 1595 nequiret,
2765 1537 2938 1581 sublatis
2971 1539 3125 1595 signis,
3160 1553 3279 1581 exer-

670 1619 803 1660 citum
861 1617 905 1658 in
967 1615 1122 1656 tutiora
1171 1610 1264 1653 loca
1313 1607 1470 1650 ducere
1518 1608 1689 1644 coactus
1740 1606 1813 1642 est.
1880 1600 2057 1642 Interim
2102 1599 2261 1643 Cimbri
2305 1601 2512 1657 superatis
2555 1599 2735 1656 Alpibus
2778 1600 2969 1657 planiora
3015 1601 3277 1647 Venetorum

668 1678 788 1723 effusi
835 1676 1120 1734 populantur,
1172 1685 1223 1716 ac
1272 1671 1537 1717 Teutonum,
1584 1662 1879 1713 Ambronum,
1931 1663 2320 1720 Tigurinorumque
2366 1664 2500 1705 socios
2546 1663 2755 1704 exercitus
2802 1671 3061 1718 exspectant.
3125 1665 3279 1707 Consul

666 1742 820 1786 Marius
865 1740 990 1783 rebus
1033 1738 1077 1780 in
1123 1736 1236 1780 Urbe
1283 1731 1522 1789 compositis
1569 1728 1614 1768 in
1661 1726 1927 1783 provinciam
1976 1726 2168 1789 festinat,
2221 1733 2262 1765 et
2314 1726 2397 1766 suis
2444 1740 2467 1766 e
2514 1724 2774 1768 Narbonensi
2825 1724 2959 1768 Gallia
3004 1728 3136 1784 copiis
3181 1742 3277 1769 evo-

667 1806 794 1852 catis,
845 1817 944 1845 cum
992 1802 1107 1842 omui
1155 1798 1345 1840 exercitu
1394 1795 1448 1846 Q.
1493 1791 1640 1834 Catulo
1688 1790 1857 1832 Procos.
1901 1802 1987 1829 sese
2031 1789 2212 1844 iungens
2257 1796 2404 1831 contra
2452 1787 2668 1835 cimbros.
2716 1786 2829 1830 diem
2874 1797 2913 1831 et
2951 1789 3095 1834 locum
3130 1790 3277 1846 proelii

665 1867 941 1925 postulantes,
993 1877 1077 1904 non
1141 1860 1294 1916 procul
1343 1858 1508 1900 Verona
1563 1850 1633 1907 (in
1682 1850 1886 1904 eampis,
1937 1848 2104 1905 quihus
2152 1853 2324 1891 nomsn'
2359 1855 2462 1891 erat
2510 1847 2743 1900 Raudiis,
2802 1856 2847 1892 ut
2891 1850 3006 1905 apud
3062 1851 3274 1896 Velleium

667 1934 713 1973 L.
765 1929 823 1970 11.
872 1942 912 1969 c.
965 1927 1034 1967 12.
1086 1931 1127 1965 et
1176 1922 1347 1964 Florum
1398 1917 1444 1959 L.
1490 1913 1572 1957 111.
1625 1927 1663 1955 c.
1718 1912 1760 1953 3.
1816 1912 1889 1955 14.
1940 1911 2124 1968 legitur,
2174 1909 2278 1953 dum
2328 1910 2442 1954 Plut.
2489 1910 2533 1953 in
2583 1910 2712 1954 Mario
2757 1925 2799 1968 p.
2841 1912 2944 1956 419.
2999 1912 3048 1955 E.
3087 1914 3276 1959 nominat

665 1989 819 2034 πεδίον
888 1987 942 2030 τὸ
1001 1987 1097 2039 περὶ
1163 1977 1469 2036 Esquiliae),
1523 1990 1623 2019 cum
1673 1972 1791 2016 hoste
1838 1986 2083 2030 congressus
2132 1973 2296 2017 fortiter
2356 1974 2521 2031 ingenti
2581 1973 2741 2030 proelio
2799 1973 2988 2017 Cimbros
3038 1976 3163 2018 vicu:
3225 1977 3277 2018 in

668 2069 778 2114 quo,
829 2060 875 2094 ut
925 2057 983 2094 est
1028 2050 1070 2091 in
1119 2047 1232 2104 Epit.
1277 2044 1367 2088 Liv.
1415 2042 1459 2084 L.
1529 2039 1605 2081 68.
1675 2050 1806 2079 caesa
1866 2035 2125 2078 traduntur
2190 2035 2394 2078 hostium
2467 2042 2647 2078 eentum
2702 2035 3026 2095 quadraginta
3087 2038 3273 2089 millia,

668 2122 803 2175 capta
854 2114 1120 2171 sexaginta.
1185 2109 1280 2162 Qua
1328 2104 1529 2161 singulari
1580 2108 1621 2142 et
1671 2100 1822 2140 eximia
1872 2099 2046 2140 victoria
2099 2098 2358 2149 Cimbricum
2407 2113 2562 2141 nomen
2607 2100 2781 2140 omnino
2828 2098 3017 2141 deletum
3060 2114 3146 2143 esse
3189 2109 3275 2142 tra-

669 2182 801 2230 dunt,
850 2179 924 2235 qui
970 2176 1093 2217 huius
1137 2172 1239 2213 belli
1285 2168 1502 2211 historiam
1544 2164 1828 2218 scripserunt,
1881 2160 2129 2204 Plutarchus
2174 2162 2219 2202 in
2263 2161 2394 2213 Mario
2440 2169 2481 2203 et
2531 2161 2671 2211 Sulla,
2722 2161 2869 2203 Florus
2912 2162 2957 2205 L.
3008 2162 3090 2205 ΙΙΙ,
3142 2176 3179 2205 0,
3232 2165 3273 2204 3,

668 2244 855 2289 Velleius
901 2242 947 2284 L.
996 2238 1053 2280 11.
1102 2251 1141 2277 c.
1194 2237 1264 2276 12.
1349 2230 1519 2272 Orosius
1566 2227 1610 2268 L.
1657 2225 1707 2269 V.
1752 2238 1789 2267 c.
1841 2225 1914 2266 16.
1997 2223 2109 2280 Ergo
2158 2221 2375 2275 Marius,
2437 2224 2494 2265 ita
2553 2237 2677 2279 porro
2723 2222 2882 2280 legitur
2932 2224 2974 2267 in
3024 2224 3136 2281 Epit‚
3185 2225 3278 2268 Liv‚

667 2310 712 2351 L.
767 2307 842 2349 68.
906 2303 1053 2344 totius
1110 2297 1324 2340 civitatis
1385 2304 1600 2334 consensu
1656 2294 1890 2343 exceptus,
1943 2300 2036 2343 pro
2093 2285 2264 2329 duobus
2322 2284 2608 2342 triumphis,
2670 2287 2755 2343 qui
2802 2284 3138 2343 offerebantur,
3185 2303 3275 2331 uno

668 2375 904 2412 contentus
949 2364 1072 2422 fuit.
1158 2361 1402 2403 Primores
1462 2351 1699 2401 civitatis,
1765 2351 1849 2407 qui
1908 2348 2208 2406 aliquamdiu
2256 2356 2310 2392 ut
2357 2364 2468 2392 novo
2517 2348 2718 2401 homini,
2770 2348 2833 2391 ad
2881 2356 3036 2393 tantos
3086 2349 3275 2396 honora

668 2439 836 2479 evecto,
869 2425 1139 2470 inviderant
1159 2456 1169 2474 ,
1205 2425 1519 2464 conservatam
1552 2414 1609 2457 ab
1642 2428 1688 2454 eo
1720 2426 1818 2453 rem
1845 2411 2083 2468 publicam
2106 2411 2403 2468 fatebantur,

731 2491 963 2548 Praecipua
1011 2488 1155 2545 itaque
1200 2484 1402 2528 victoriae
1446 2478 1687 2524 Cimbricae
1738 2476 1868 2532 gloria
1915 2476 2036 2517 cessit
2080 2475 2235 2526 Mario,
2287 2488 2367 2517 nec
2416 2482 2556 2518 tamen
2602 2476 2752 2517 omnis.
2817 2475 2988 2518 Catulus
3035 2477 3177 2525 enim,
3228 2484 3274 2518 ut

667 2557 811 2604 scribit
856 2554 1000 2602 Valet.
1047 2551 1154 2595 Max.
1201 2550 1246 2592 L.
1294 2548 1371 2589 IX.
1417 2558 1457 2586 c.
1509 2544 1582 2585 12.
1633 2542 1673 2579 4.
1741 2538 1968 2580 Cimbrici
2008 2538 2243 2595 triumphi
2293 2539 2340 2579 C.
2386 2537 2548 2578 Mario
2587 2540 2829 2595 particeps
2863 2554 2893 2577 α
2935 2547 3097 2579 senatu
3137 2538 3276 2579 datu,

665 2629 761 2675 (τίς
809 2622 1069 2679 quapropter
1117 2620 1158 2650 et
1203 2626 1227 2650 a
1273 2607 1501 2648 Plutarcho
1547 2607 1590 2644 in
1642 2603 1769 2641 Mario
1811 2617 1854 2654 p.
1895 2604 1998 2641 431.
2041 2603 2086 2641 F.
2119 2601 2271 2642 dicitur
2300 2601 2466 2652 Μαρίῳ
2497 2602 2880 2653 συνθριαμβεύσας
2913 2599 3005 2642 dmi
3034 2602 3276 2654 Κίμβρων..

674 2694 717 2725 et
767 2697 815 2722 ex
862 2680 1070 2719 manubiis
1117 2676 1335 2715 Cimbricis
1381 2671 1591 2724 porticum
1638 2664 1837 2706 exstruxit
1886 2662 1927 2705 iu
1972 2661 2158 2713 Palatio,
2210 2679 2300 2706 eam
2346 2677 2477 2719 quam
2505 2668 2662 2718 >postea
2708 2661 2755 2706 P·
2800 2659 2969 2707 Clodius
3011 2661 3136 2707 simul
3176 2677 3276 2708 cum

676 2747 889 2789 ciceronis
933 2743 1086 2785 domo.
1135 2735 1325 2778 adiutore
1368 2733 1464 2776 Sex.
1509 2726 1680 2779 Clodio,
1728 2743 1774 2771 ex
1823 2731 1941 2782 parte
1983 2722 2141 2778 diruit;
2194 2724 2316 2771 cuius
2350 2723 2514 2782 saepius
2553 2723 2814 2771 mentionem
2849 2724 2946 2770 facit
2977 2723 3150 2780 Cicer0,
3186 2731 3275 2771 tum

676 2811 802 2856 alibi,
840 2815 931 2847 tum
967 2801 1021 2844 ad
1053 2800 1183 2843 Attic.
1218 2799 1262 2842 L.
1298 2796 1370 2841 lv.
1410 2795 1452 2839 2.
1492 2794 1533 2837 4.
1569 2805 1644 2849 pro
1679 2789 1814 2834 Domo
1847 2802 1887 2833 c.
1922 2789 1998 2847 38.
2032 2787 2116 2833 Csr.
2155 2788 2295 2835 Valer.
2330 2788 2436 2833 Max.
2470 2788 2517 2832 1..
2556 2787 2630 2835 Vl.
2663 2799 2702 2832 c.
2739 2789 2782 2831 3.
2824 2791 2862 2832 ι,

739 2869 891 2913 Catulo
938 2866 1095 2922 igitur,
1148 2861 1200 2903 de
1243 2858 1463 2903 consulatu
1508 2862 1550 2900 ct
1597 2854 1650 2897 dc
1698 2852 1825 2896 rebus
1869 2852 1992 2908 gestis
2036 2853 2118 2894 suis
2165 2851 2394 2904 scribenti,
2437 2852 2532 2893 satis
2570 2851 2757 2907 amplum
2788 2852 3005 2895 materiam
3039 2850 3120 2893 hoc
3155 2865 3282 2908 prae-

675 2936 777 2978 bere
827 2929 965 2988 potuit
1010 2918 1198 2974 bellu'm,
1250 2922 1318 2966 eui
1359 2922 1446 2978 ipse
1495 2926 1536 2961 et
1581 2914 1773 2959 interfuit
1816 2922 1858 2956 et
1899 2913 2083 2970 praefuit
2123 2927 2206 2955 una
2253 2926 2355 2957 cum
2399 2914 2575 2964 Mario„
2615 2912 2687 2958 sed
2736 2913 2873 2955 minu„
2905 2912 3116 2962 secunda,
3150 2927 3278 2970 quam

675 2998 774 3050 ille,
840 3008 936 3038 usus
999 2991 1187 3034 fortuna.
1269 2986 1358 3028 Hoc
1422 2991 1562 3025 tamen
1622 2978 1855 3022 admodum
1913 2978 2121 3018 incertum
2179 2983 2264 3028 est,
2315 2991 2401 3034 quo
2450 2976 2626 3017 consilio
2671 2974 2885 3017 historiam
2930 2976 3169 3018 consulatus
3216 2979 3279 3018 sui

674 3059 909 3118 scripserit:
963 3062 1105 3096 utrum
1156 3066 1206 3092 eo
1255 3049 1308 3089 ad
1353 3045 1622 3089 scribendum
1667 3059 1709 3085 se
1760 3041 1989 3084 coutulen't
2037 3048 2084 3082 ut
2125 3041 2389 3089 ostenderet,
2439 3053 2524 3083 non
2572 3040 2707 3095 magis
2746 3039 2878 3081 Mario
2922 3053 3051 3095 quam
3091 3038 3169 3081 sibi
3206 3039 3279 3081 de-

677 3126 770 3166 beri
831 3128 988 3177 partem
1053 3112 1286 3170 triumphi,
1355 3127 1409 3151 an
1476 3123 1570 3149 xero
1635 3115 1681 3148 ut
1742 3104 1907 3148 obviam
1970 3103 2050 3145 iret
2110 3101 2293 3147 invidiae
2343 3101 2482 3151 Marii,
2532 3115 2642 3158 quae
2691 3102 2774 3144 iam
2829 3100 2946 3145 brevi
2997 3107 3087 3156 post
3134 3105 3307 3146 actum*

678 3183 947 3241 triumphum
1014 3180 1179 3219 videtur
1246 3174 1451 3221 excitata,
1520 3177 1661 3224 postea
1726 3175 1898 3217 autem,
1964 3165 2117 3208 exortis
2176 3163 2308 3208 turbis
2368 3162 2591 3214 civilibus,
2641 3163 2685 3206 in
2732 3163 2890 3220 quibus
2931 3162 3101 3206 Catulus
3142 3170 3280 3219 partes

676 3251 831 3295 Cinnae
880 3242 1161 3300 sequebatur,
1210 3238 1270 3280 ita
1320 3235 1469 3279 exarsit
1516 3239 1562 3276 ut
1605 3230 1777 3276 Catulus
1816 3245 1841 3273 a
1889 3227 2019 3272 Mario
2059 3227 2289 3278 iussussit
2336 3225 2466 3277 mori;
2517 3225 2571 3269 de
2617 3237 2705 3284 qua
2752 3225 2904 3269 iniuria
2951 3224 3098 3268 scribit
3130 3225 3276 3271 Cicero

679 3312 804 3352 Tusc.
852 3309 905 3350 V.
952 3320 991 3347 c.
1047 3304 1121 3346 19.
1166 3301 1238 3343 56.
1322 3296 1496 3342 Utrum
1561 3293 1743 3337 tandem
1803 3290 1982 3336 heatior
2042 3290 2090 3335 C.
2147 3288 2339 3333 Marius
2387 3296 2512 3340 tum,
2560 3302 2704 3346 quum
2752 3288 3009 3330 Cimbricae
3056 3290 3280 3332 victoriae

718 3372 892 3413 loriam
953 3383 1055 3408 cum
1117 3362 1293 3420 collega
1360 3357 1527 3404 Catulo
1569 3355 1969 3405 *communicatam
2030 3366 2174 3409 paene
2230 3352 2384 3396 altero
2428 3351 2591 3394 Laelio
2621 3373 2685 3380 —
2716 3363 2846 3403 nam,
2874 3350 2992 3392 hunc
3040 3351 3125 3392 illi
3168 3351 3279 3394 duco

680 3431 988 3478 simillimum
1033 3453 1096 3459 --
1145 3440 1207 3468 an
1233 3435 1409 3481 ..quum
1470 3415 1611 3462 civili
1673 3416 1790 3460 bello
1847 3417 1996 3461 victor
2053 3415 2214 3458 iratus
2260 3414 2537 3457 'accessoriis
2587 3411 2749 3454 Catuli
2795 3411 3144 3469 deprecantibus
3188 3427 3278 3455 non

678 3495 819 3540 semel
849 3490 1085 3549 respondit
1119 3487 1198 3531 sed
1226 3500 1357 3543 saepe
1389 3481 1723 3528 Moriatur!
1759 3480 1811 3521 iu
1841 3492 1928 3536 quo
1960 3476 2139 3520 heatior
2171 3476 2272 3528 ille,
2304 3476 2389 3534 qui
2421 3474 2529 3517 Ιηιίο
2559 3472 2774 3530 nefariae
2804 3475 2903 3516 voci
2931 3476 3277 3532 paruit,qu

680 3563 750 3612 is,
786 3558 872 3617 qui
902 3563 1002 3597 tam
1035 3552 1250 3595 scelerate
1280 3547 1548 3605 imperavit.
1614 3544 1700 3586 Cst.
1730 3541 1783 3583 de
1812 3541 1931 3583 Orat.
1965 3541 2010 3582 L.
2040 3540 2121 3582 111.
2157 3553 2196 3581 c.
2233 3542 2277 3582 3.
2297 3542 2341 3582 9.
2372 3544 2414 3579 et
2446 3537 2500 3580 de
2520 3537 2623 3583 Nat.
2656 3537 2779 3581 Deor.
2814 3538 2860 3580 L.
2894 3537 2975 3580 111.
3008 3550 3049 3579 c.
3085 3538 3162 3579 32.
3197 3539 3275 3581 80,

740 3624 802 3664 De
847 3618 985 3661 Catuli
1033 3622 1167 3658 morte
1215 3611 1429 3654 Historicis
1478 3610 1589 3651 inter
1633 3621 1676 3648 se
1721 3619 1806 3646 nou
1854 3603 2067 3646 convenit.
2131 3600 2262 3647 Vidd.
2313 3599 2499 3645 Velleius
2542 3600 2587 3643 L.
2641 3600 2701 3642 ll.
2747 3614 2787 3642 e.
2833 3601 2908 3642 22.
2987 3599 3126 3642 vater.
3168 3600 3276 3645 Mn,

674 3687 723 3727 L.
774 3684 851 3725 lx.
903 3695 942 3722 c.
994 3680 1063 3722 12.
1113 3678 1155 3719 4.
1233 3675 1377 3721 Florus
1425 3673 1470 3716 L.
1520 3669 1600 3715 111.
1653 3684 1693 3710 c.
1743 3669 1819 3712 21.
1900 3666 2119 3722 Appianus
2168 3663 2220 3707 de
2275 3664 2322 3707 Β.
2372 3662 2459 3706 Civ.
2509 3664 2554 3706 L.
2605 3662 2641 3705 I.
2691 3675 2730 3704 c.
2783 3664 2859 3703 74.
2939 3660 3194 3705 Plutarchus
3234 3666 3280 3706 in

674 3749 808 3795 Mario
842 3760 885 3803 p.
923 3745 1029 3786 431.
1064 3742 1109 3784 F.
1174 3737 1436 3796 Augustinus
1468 3733 1520 3776 de
1552 3733 1640 3777 civ.
1676 3732 1753 3774 Dei
1786 3730 1831 3772 L.
1866 3729 1946 3772 111.
1982 3743 2021 3772 e.
2056 3728 2130 3770 27.
