3442 4094
1528 132 1590 183 31

265 268 318 313 de
347 268 451 311 nist.
480 266 571 307 Lat.
601 264 647 306 1..
674 264 710 305 1.
744 275 783 306 c.
818 263 939 306 XIII.
973 271 1015 306 et
1042 264 1210 323 Dionys.
1244 260 1465 317 vossium,
1498 264 1574 324 qui
1607 263 1792 307 Caesaris
1825 261 2156 324 Ephemerides
2187 277 2211 305 a
2248 264 2607 307 Commentariis
2640 277 2739 321 opus
2767 280 2850 308 esse

265 333 476 375 diversum
517 335 802 382 censuerunt3
852 342 974 380 nam,
1020 335 1317 384 praeterquam
1369 327 1484 384 quod
1515 342 1660 369 earum
1695 329 1950 370 mentionem
1981 343 2066 369 non
2099 329 2228 369 saciat
2260 328 2487 370 Suetonius
2519 328 2563 369 in
2592 327 2674 368 Iul.
2709 342 2746 368 c.
2780 330 2851 371 LV

260 401 304 435 et
343 391 453 436 LVI.
504 387 580 431 ubi
627 390 813 432 Caesaris
846 405 973 447 opera
1020 396 1220 431 accurate
1267 397 1481 441 recenset,
1522 397 1684 431 certum
1735 398 1794 431 est
1836 388 2095 444 ἐφημερίδας
2133 406 2157 432 a
2193 392 2398 448 sequioris
2445 391 2537 431 aevi
2582 390 2853 445 scriptoribus

262 453 396 496 laxius
443 465 533 493 esse
569 461 788 508 sumptas,
833 452 941 494 adeo
986 458 1034 494 ut
1080 465 1166 495 non
1209 450 1338 493 modo
1382 449 1645 502 Dias-ium,-
1689 466 1834 493 verum
1878 453 2006 493 etiam
2057 449 2264 494 Annales
2310 468 2383 494 seu
2417 451 2687 494 Historiam
2717 451 2855 493 deno-

261 520 397 558 ἰωὴ·
433 513 543 556 Hinc
587 514 744 573 Dictyis
793 514 1017 557 Ristoriam
1062 507 1337 566 Ἔφημερίδα
1388 520 1506 555 vocat
1547 512 1727 565 Suidas,
1776 520 1819 556 et
1848 512 2201 570 Ephemeridem
2232 513 2364 558 Belli
2400 512 2596 557 Troiani
2626 514 2679 569 Q.
2712 514 2855 570 Septi-

261 579 370 620 mius
417 578 633 620 Romanus
671 578 715 620 in
764 576 949 633 Epistola
987 573 1042 616 ad
1084 572 1342 626 Arcadium,
1390 574 1529 632 Dietyi
1571 576 1820 631 praemissa,
1870 589 2006 632 quum
2038 575 2222 617 multum
2256 576 2394 627 absit,
2430 583 2477 617 ut
2508 578 2549 618 in
2581 592 2627 619 ea
2664 592 2739 632 per
2768 575 2852 619 ‘dies

262 639 447 697 singulos
492 653 555 681 res
604 646 750 696 gestae
789 637 1042 681 scribantur.
1108 634 1224 688 Quin
1272 642 1314 678 ct
1354 634 1605 678 Plutarchus
1646 637 1689 677 in
1733 636 1847 678 Caes.
1883 651 1926 691 p.
1961 638 2068 678 718.
2104 636 2153 679 Ι).
2189 650 2237 678 ex
2270 636 2452 679 Caesaris
2483 634 2768 692 Ἐφημερίσιν
2802 653 2852 682 ea

261 700 435 751 laudat,
482 713 593 759 quae
624 702 666 741 in
692 696 1183 742 Commentariorum&
1214 696 1264 735 Β.
1297 696 1407 736 Gall.
1441 698 1488 737 L.
1521 697 1596 739 lv.
1633 710 1672 737 c.
1711 699 1783 737 12.
1818 696 2049 736 hodienum
2080 704 2263 749 exstant;
2312 705 2354 737 et
2385 699 2662 754 Symmachus
2693 701 2737 740 L.
2775 701 2854 743 lv.

261 765 340 819 Ep.
389 763 553 807 xvttt.
590 763 644 803 de
683 762 865 803 Caesaris
903 758 1176 814 ephemeride
1220 759 1278 798 sie
1319 759 1541 815 loquitur:
1587 758 1707 799 Haeo
1740 767 1782 799 te
1812 760 2051 815 origines,
2083 760 2237 808 situs,
2277 775 2491 816 pugnas,
2546 769 2589 800 et
2630 762 2857 817 quidquid

252 823 364 883 fuit
407 826 458 868 in
504 822 715 867 moribus
758 827 843 865 aut
887 819 1067 880 legibus
1111 817 1416 872 Galliarum,
1463 818 1659 872 docebit,
1706 835 1836 878 quam
1871 820 2194 877 descriptionem
2223 828 2420 864 accurate
2452 820 2511 864 his
2536 821 2851 865 Commentariis

260 888 520 945 congruere*
547 885 695 929 lubens
735 884 893 927 fatetur
944 884 1120 929 Vossius.
1186 883 1275 925 Nec
1321 882 1477 933 obstat,
1520 882 1636 941 quod
1686 883 1918 940 Polyaenus
1968 890 2009 926 et
2052 884 2272 926 Frontinus
2297 884 2516 941 complura
2544 884 2722 927 Caesaris
2753 892 2854 927 stra-

259 957 473 1008 tegemata
515 954 780 998 recenseant,
829 961 1011 1004 quorum
1059 947 1102 986 in
1151 944 1268 986 hisce
1312 945 1628 986 commentariis
1678 959 1755 985 nec
1802 945 1894 986 vola
1941 959 2019 986 nec
2064 947 2312 1002 vestigium3
2363 961 2411 987 ea
2442 948 2555 987 enim
2596 946 2740 988 hausta
2771 962 2854 988 esse

264 1018 463 1069 poterunt
512 1010 576 1051 vel
613 1024 661 1052 ex
713 1006 881 1052 Asinii
934 1008 1173 1051 Pollionis
1214 1007 1603 1058 Commentariis,
1652 1023 1757 1065 quos
1801 1015 2036 1049 memorant
2076 1008 2328 1051 Plutarchus
2361 1012 2403 1051 in
2438 1010 2638 1065 Pompeio
2669 1025 2710 1066 p.
2749 1012 2854 1053 657.

258 1074 371 1118 etin
403 1072 517 1117 caes.
549 1087 595 1129 p.
631 1073 735 1116 739.
770 1087 820 1116 ac
849 1072 1065 1130 Appianus
1097 1071 1144 1114 L.
1176 1070 1233 1115 II.
1267 1070 1315 1115 B.
1348 1069 1437 1115 Giv.
1473 1086 1513 1127 p.
1551 1070 1656 1114 489.
1690 1070 1873 1128 aliique3
1908 1070 1972 1114 vel
2006 1086 2054 1113 ex
2087 1068 2234 1114 Balbi
2257 1071 2587 1129 Ephemeride,
2613 1071 2666 1115 de
2681 1088 2765 1130 qua
2786 1072 2854 1115 Si-

260 1136 411 1180 donius
453 1135 704 1193 Apollinaris
742 1136 787 1179 L.
822 1136 898 1179 IX.
933 1135 1010 1193 Ep.
1047 1134 1164 1181 XIV.
1199 1141 1245 1178 ut
1274 1132 1490 1177 historicos
1524 1132 1632 1177 bene
1660 1133 1812 1177 multos
1845 1140 2132 1191 praeteream,
2176 1135 2253 1193 qui
2284 1137 2498 1193 praeclara
2529 1135 2714 1180 Caesaris
2743 1136 2853 1179 faci-

261 1211 362 1241 nora
394 1199 571 1256 posteris
599 1195 917 1240 tradideruntJ’
1062 1223 1067 1227 ·
1327 1227 1329 1229 ·
1714 1252 1717 1255 Ι

323 1262 474 1304 Davisii
520 1262 750 1304 sententiae
796 1275 838 1303 se
883 1261 1078 1318 opposuit
1126 1259 1557 1318 Schweighaeuserus
1591 1259 1643 1302 ad
1686 1260 1868 1317 Appiani
1919 1262 1948 1303 l.
1999 1275 2039 1304 c.
2087 1261 2134 1303 T.
2182 1261 2263 1303 111.
2314 1277 2355 1318 p.
2413 1264 2499 1305 184
2533 1277 2624 1320 sqq.
2664 1264 2768 1320 qui,
2806 1271 2853 1304 ut

262 1323 454 1366 ostendat
495 1324 652 1365 librum
697 1324 816 1365 illum
861 1338 988 1380 quem
1038 1324 1257 1379 Appianas
1306 1330 1537 1373 memorat,
1586 1322 1794 1364 diversum
1837 1323 1962 1364 fuisse
2004 1338 2029 1364 a
2070 1323 2385 1365 Commentariis
2426 1324 2633 1374 Caesaris,
2669 1333 2852 1367 conten-

263 1386 324 1428 dit
355 1385 645 1442 'Appianum,
691 1386 723 1427 si
766 1385 1126 1429 Commentarios
1172 1383 1444 1440 significasset
1488 1391 1529 1426 et
1575 1383 1930 1438 Ὑπομνημάτων
1973 1384 2095 1426 titulo
2126 1385 2319 1427 noluisset
2352 1387 2441 1434 uti,
2476 1400 2562 1443 quo
2596 1387 2665 1428 alii
2698 1387 2850 1429 Graeci

261 1449 483 1505 scriptores
533 1446 589 1506 [r.
626 1460 663 1490 c.
699 1447 864 1488 Strabo.
897 1448 943 1489 L.
977 1447 1053 1493 lv.
1088 1461 1130 1504 p.
1169 1449 1272 1488 177.
1306 1445 1375 1504 B.]
1414 1452 1617 1496 utuntur,
1667 1447 1813 1488 saltem
1860 1445 2051 1487 debuisse
2097 1445 2239 1488 dicere
2272 1446 2535 1501 ἀναγραφὰς
2570 1450 2659 1488 τῶν
2696 1446 2850 1489 ἰδίων

263 1510 423 1563 ἔργων,
468 1524 553 1550 non
603 1523 701 1550 vero
745 1509 1006 1562 ἀναγραφὰς
1055 1510 1144 1549 τῶν
1178 1507 1459 1560 ἐφημέρων
1507 1507 1667 1559 ἔργων.
1733 1507 1859 1559 Quod
1906 1516 2204 1562 argumentum
2246 1508 2350 1547 mihi
2398 1509 2570 1565 quidem
2616 1511 2745 1550 levius
2786 1513 2852 1550 vi-

263 1572 413 1622 ‹letur3
478 1586 573 1612 nam
627 1572 659 1611 si
706 1570 934 1612 Plutarcho
982 1571 1103 1611 licuit
1151 1569 1332 1611 Caesaris
1379 1569 1734 1618 Commentarios,
1784 1568 1979 1623 neglecto
2026 1570 2197 1625 proprio
2247 1570 2418 1611 nomine
2466 1569 2851 1623 “Τπομνημάτων,

261 1634 448 1690 fictoque
495 1646 604 1675 noro
647 1646 798 1674 vocare
842 1628 1168 1686 Ἔφημερίδας,
1209 1630 1357 1688 quidni
1402 1631 1596 1687 Appiano
1641 1630 1924 1672 concedamus
1973 1630 2121 1673 eodem
2169 1632 2262 1674 iure
2307 1632 2411 1675 uti?
2475 1631 2527 1674 Et
2559 1647 2653 1689 quis
2688 1641 2745 1675 est
2779 1637 2853 1691 qui

261 1697 305 1737 in
345 1696 491 1738 Servio
533 1694 631 1736 velit
677 1694 881 1751 culpare,
932 1694 1048 1752 quod
1098 1693 1306 1735 excusavit
1350 1692 1395 1734 in
1442 1691 1736 1749 Symmacho?
1800 1693 1995 1735 Profecto
2046 1694 2190 1744 enim,
2244 1694 2272 1735 si
2324 1694 2458 1735 latiori
2502 1693 2687 1750 quodam
2734 1710 2854 1737 sensu

262 1758 343 1800 hoc
391 1756 755 1814 Epkemeridum
799 1769 953 1798 nomen
996 1756 1207 1812 accipias,
1256 1768 1337 1797 nec
1383 1755 1560 1797 nativam
1594 1762 1637 1797 et
1683 1755 1870 1797 strictam
1917 1755 2111 1798 vocabuli
2156 1755 2505 1812 significationem
2553 1758 2728 1799 nimium
2762 1773 2854 1814 pre-

261 1833 349 1862 mas
384 1819 477 1878 Γ),
540 1826 673 1876 potest
736 1819 809 1861 illo
850 1818 975 1860 titulo
1023 1818 1212 1874 insigniri
1258 1816 1363 1859 illud
1408 1817 1752 1874 exponendarum
1797 1831 1936 1860 rerum
1982 1832 2116 1875 genus
2163 1818 2278 1876 quod
2321 1820 2364 1860 in
2411 1819 2728 1862 Commentariis
2772 1822 2855 1862 suis

261 1884 409 1924 Caesar
450 1889 617 1923 secutus
664 1888 741 1924 est.
804 1880 896 1921 Imo
944 1894 1041 1921 vero
1082 1881 1166 1920 iam
1217 1881 1305 1936 ipse
1354 1879 1501 1921 Cicero
1547 1879 1623 1921 sibi
1672 1881 1858 1937 permisit
1901 1880 2135 1922 Caesariani
2169 1882 2305 1937 operis
2339 1882 2508 1923 titulum
2541 1883 2599 1923 ita
2633 1884 2854 1924 immutare

261 1952 307 1985 ut
356 1938 720 2000 Ephemeridum
767 1957 919 1985 nomen
960 1956 1043 1983 non
1090 1943 1148 1982 ita
1190 1942 1368 1982 multum
1418 1941 1614 1982 recedere
1657 1941 1871 1993 videatur3
1903 1943 1964 1982 sic
1996 1944 2109 1983 enirn
2141 1943 2287 1983 scribit
2320 1945 2363 1983 in
2396 1943 2528 1983 Bruto
2561 1958 2598 1986 c.
2637 1947 2709 1986 75.
2746 1946 2852 1985 262.

266 2004 418 2063 Atque
464 2007 608 2046 etiam
655 2005 1103 2047 Commentarios
1146 2002 1364 2061 quosdam
1402 2004 1598 2060 scripsit
1635 2018 1827 2044 rerum
1853 2018 2106 2047 suarum.
2174 2003 2327 2047 Valde
2354 2005 2538 2062 quidem
2561 2006 2853 2061 probandos:

261 2068 378 2110 naudi
426 2069 546 2110 enim
593 2075 730 2118 sunt,
782 2068 923 2117 recti,
967 2074 1009 2108 et
1055 2067 1256 2116 venusti,
1310 2066 1435 2107 omni
1483 2074 1652 2108 ornatu
1701 2067 1954 2117 orationis,
2006 2074 2245 2124 tamquam
2292 2075 2409 2108 veste
2457 2066 2679 2110 detracta.
2724 2085 2851 2125 quem

262 2131 452 2188 sequitur
492 2130 717 2173 Suetonius
763 2129 807 2171 in
853 2128 967 2173 Caes.
1011 2142 1050 2171 c.
1106 2129 1180 2171 56.
1247 2125 1458 2187 Reliquit
1508 2135 1551 2171 et
1610 2124 1800 2171 rerum
1859 2143 2090 2172 suarum
2142 2129 2619 2182 Commentarios,
2673 2129 2851 2174 Gallici

264 2193 519 2250 Civilisque
566 2192 676 2233 belli
723 2190 1024 2247 Pompeiani.-
1094 2188 1220 2231 Nam
1270 2190 1616 2242 Alexandrini,
1679 2188 1930 2248 Africique
1979 2198 2022 2231 et
2067 2191 2396 2247 Hispaniensis
2437 2194 2643 2234 incertus
2691 2201 2850 2235 auctor

262 2262 329 2297 est
347 2280 367 2291 -
391 2280 416 2289 -
479 2254 550 2297 De
597 2255 949 2296 commentariis
988 2252 1143 2296 Cicero
1191 2253 1260 2297 in,
1291 2251 1444 2295 Bruto
1485 2254 1553 2294 sic
1599 2251 1774 2311 refert.-
1839 2253 2199 2296 Commentarios
2242 2255 2438 2311 scripsit
2489 2254 2619 2297 valde
2664 2255 2846 2313 quidem

257 2317 516 2375 probandos
560 2324 643 2359 cet.
711 2317 819 2359 Eum
864 2316 1049 2372 denique
1085 2314 1258 2356 titulum
1301 2329 1419 2356 more
1467 2328 1541 2356 suo
1585 2322 1748 2356 vertens
1795 2314 1942 2356 Suidas
1989 2316 2178 2371 scripsit:
2225 2316 2367 2363 Γαί’·ος
2414 2314 2601 2364 Ἰούλιος
2642 2321 2843 2370 Καῖσαρ,

259 2380 284 2419 ὁ
321 2384 490 2433 πρῶτος
537 2381 824 2434 μοναρχήσας.
858 2368 994 2424 Οὗτος
1027 2375 1195 2431 ἔγραψε
1226 2379 1498 2429 μετάφρασιν
1532 2377 1621 2417 τῶν
1656 2374 1862 2431 'Andron
1893 2376 2201 2430 Φαινομένων,
2236 2379 2308 2418 καὶ
2346 2375 2505 2432 τέχνην
2538 2383 2844 2433 γραμματικὴν

261 2440 554 2493 (Ρωμαϊκῶς,
589 2441 664 2480 καί
696 2441 815 2493 περὶ
851 2442 941 2480 τοῦ
978 2436 1128 2479 ῖδίον
1162 2438 1303 2493 βίον.
1368 2438 1451 2479 Sed
1500 2439 1717 2494 postremis
1763 2437 1860 2480 illis·
1894 2438 2029 2480 verbis
2074 2438 2180 2480 nihil
2223 2439 2335 2481 aliud
2384 2439 2556 2482 videtur
2589 2440 2842 2498 significasse

259 2518 386 2560 quam
407 2533 419 2553 ‚
456 2517 561 2560 quos
593 2501 820 2553 habemus,
852 2501 1193 2545 Commentarios.

321 2566 516 2622 Expensis
578 2565 753 2621 singulis
815 2564 1056 2606 testimoniis
1121 2562 1330 2621 equidemf
1379 2576 1647 2621 nequaqnam
1699 2562 1849 2604 dubito
1898 2574 1996 2603 cum
2044 2563 2208 2604 Davisio
2256 2577 2412 2620 negare
2467 2565 2596 2606 ullam
2653 2580 2843 2623 unquam

260 2629 454 2670 exstitisse
497 2628 593 2669 Iulii
642 2628 822 2670 Caesaris
870 2627 1166 2682 scriptionem,
1208 2625 1410 2666 diversam
1459 2625 1732 2666 ab'eiusdem
1770 2624 2110 2675 Commentariis,
2154 2640 2264 2681 quae
2304 2625 2548 2682 Ephemeris
2594 2627 2723 2669 suerit
2771 2629 2842 2670 in-

263 2690 434 2745 scripta.
499 2691 662 2745 Repeto
703 2689 865 2745 igitur,
912 2687 1027 2746 quod
1069 2686 1124 2728 ab
1166 2687 1286 2728 initio
1331 2686 1444 2737 dixi,
1484 2687 1636 2728 minus>
1666 2693 1778 2728 recte
1835 2685 2048 2728 Gaesarem
2102 2687 2211 2728 inter
2255 2701 2322 2729 eos
2371 2688 2547 2741 referri,
2605 2691 2681 2746 qui
2725 2705 2840 2731 suam

258 2753 334 2808 ipsi
369 2753 494 2794 vitam
528 2758 817 2794 narraverunt.

320 2877 420 2920 Cffr.
468 2876 730 2927 Rualdus,
780 2877 823 2918 in
872 2875 1093 2918 Anima-lv.
1142 2874 1193 2916 ad
1243 2875 1467 2931 insigniora
1515 2871 1748 2925 σφάλματα
1789 2872 2003 2915 Plutarchi
2040 2887 2077 2915 c.
2113 2874 2228 2915 XXI.
2268 2872 2328 2931 (in
2363 2874 2462 2916 edit.
2497 2875 2651 2916 Reiskii
2683 2876 2729 2917 T.
2763 2877 2838 2918 lv.

257 2956 300 2998 p.
353 2938 477 2997 858.)
523 2940 637 2981 Ger.
675 2940 742 2982 10.
778 2940 1019 2989 Vossius,
1055 2938 1106 2980 de
1142 2939 1245 2980 Hist.
1282 2938 1368 2980 Lat.
1403 2938 1448 2979 L.
1483 2936 1518 2979 Ι.
1552 2950 1590 2980 c.
1629 2938 1700 2978 13.
1767 2937 1913 2978 Dion.
1949 2936 2187 2987 Vossius,
2222 2937 2266 2978 in
2300 2938 2406 2978 notis
2440 2937 2491 2978 ad
2524 2938 2742 2980 Caesarem
2779 2939 2831 2980 de

257 3005 306 3048 B.
341 3003 451 3048 Gall.
486 3003 532 3047 L.
566 3003 602 3047 1.
636 3016 675 3045 c.
718 3004 757 3046 1.
808 2999 869 3061 (in
902 3001 1004 3047 edit.
1054 3000 1252 3045 Oudend.
1297 3016 1340 3059 p.
1391 2998 1455 3058 2.)
1508 3000 1774 3051 Davisius,
1824 2999 1866 3042 in
1917 3000 2023 3042 notis
2054 2998 2108 3042 ad
2141 2998 2321 3043 Caesaris
2355 3000 2602 3058 Fragmenta
2641 2999 2702 3059 (in
2738 3001 2835 3045 edit.

256 3065 453 3111 Oudend.
489 3083 532 3125 p.
569 3064 692 3126 998.)
729 3065 1216 3123 Schweighaeuser.
1251 3064 1305 3107 ad
1337 3064 1518 3122 Appian.
1551 3063 1598 3105 Τ.
1634 3063 1714 3106 111.
1748 3077 1789 3120 p.
1829 3063 1914 3105 184
1948 3077 2053 3121 sqq.-

259 3227 327 3260 lico
371 3226 564 3259 lacunae.''
612 3227 653 3261 Id
677 3227 767 3261 mihi
803 3234 918 3260 tamen
954 3238 1025 3260 nou
1048 3227 1122 3259 veri
1148 3225 1263 3260 simile
1288 3225 1449 3267 videtur,
1486 3224 1547 3269 qui
1581 3222 1739 3257 dubitare
1769 3222 1915 3256 audeam
1949 3235 1993 3256 an
2026 3222 2181 3257 Caesaris
2215 3224 2340 3302 schinta
2371 3222 2495 3258 Servio
2528 3224 2658 3258 fuerint
2689 3226 2842 3270 cognita.

259 3271 330 3305 IIoe
364 3277 454 3305 certe
479 3272 703 3306 verissimum
737 3279 813 3313 est,
842 3283 1013 3318 nusquam
1046 3271 1084 3305 in
1106 3277 1177 3305 toto
1198 3271 1312 3307 Servii
1337 3269 1617 3310 Commentario,
1642 3274 1881 3314 praeterquam
1905 3267 1969 3302 hoc
1993 3267 2091 3310 loco,
2126 3267 2234 3301 ullius
2290 3269 2458 3302 aesariani
2481 3280 2502 3303 o
2528 3270 2596 3304 eris
2619 3272 2839 3306 mentionem

264 3316 359 3350 fieri.
405 3316 476 3350 Sed
509 3318 572 3361 qui
605 3317 731 3350 Servii·
752 3318 893 3351 Scholia
929 3324 1077 3357 norunt,
1113 3317 1173 3349 vix
1206 3314 1386 3348 audebunt
1419 3316 1462 3348 iis
1495 3314 1637 3360 plenam
1674 3313 1784 3345 fidem
1819 3313 1947 3346 habere
1978 3315 2048 3346 nisi
2081 3315 2119 3345 in
2151 3313 2257 3346 rebus
2288 3325 2380 3358 quae
2403 3314 2500 3347 aliun
2527 3327 2545 3348 e
2569 3315 2837 3349 confirmantur.

260 3361 405 3407 Qualem
441 3362 537 3395 enim
572 3373 666 3396 nune
701 3362 873 3397 habemus
903 3362 1091 3406 Serrium,
1128 3360 1291 3407 plurimis
1325 3360 1409 3395 locis
1442 3367 1476 3393 et
1514 3359 1585 3393 fere
1622 3356 1755 3404 ubique
1785 3359 1914 3392 misere
1951 3365 2001 3392 est
2034 3357 2286 3403 interpolatus,
2324 3359 2410 3393 adeo
2445 3359 2620 3404 quidem,
2657 3367 2696 3394 ut
2724 3363 2838 3406 potius

260 3407 392 3452 farrago
426 3419 470 3440 ex
504 3408 677 3440 variorum
714 3408 945 3453 interpretum
981 3407 1249 3442 Commentariis
1285 3407 1323 3438 in
1358 3416 1470 3439 unum
1504 3404 1772 3450 consarcinata,
1796 3415 1904 3448 quam
1939 3404 2045 3436 iustae
2081 3403 2213 3436 formae
2250 3403 2532 3439 Commentaiius
2556 3405 2627 3439 diei
2649 3414 2836 3439 mereatur.

259 3451 349 3485 Vide
379 3452 538 3486 Virorum
561 3452 743 3486 doctorum
767 3452 896 3486 iudicia
919 3465 1010 3498 quae
1033 3454 1214 3486 citavimus
1237 3452 1274 3484 iu
1298 3451 1385 3484 Risi.
1410 3449 1498 3484 Crit-
1521 3448 1794 3483 Scholiastnrum
1818 3449 1894 3482 Lat.
1917 3460 1947 3482 c.
1970 3448 2049 3482 XII.
2075 3447 2113 3482 P.
2137 3448 2183 3482 11.
2207 3460 2245 3494 p.
2266 3448 2315 3481 86
2336 3460 2417 3495 sqq.

303 3515 363 3562 (*)
417 3518 533 3559 Quum
576 3527 646 3550 non
680 3528 748 3562 per
786 3516 922 3558 annos,
967 3518 1014 3552 ita
1046 3516 1169 3551 scribit
1203 3515 1341 3550 Gellius
1373 3514 1415 3549 L.
1450 3513 1496 3548 V.
1530 3513 1575 3547 c.'
1598 3513 1654 3547 18.
1689 3513 1725 3547 ’1.
1771 3513 1832 3547 sed
1856 3524 1936 3558 per
1968 3512 2064 3547 dies
2098 3514 2256 3557 singulos
2290 3525 2346 3548 res
2375 3517 2501 3558 gestae
2533 3516 2759 3557 scribuntur,
2796 3527 2837 3550 ea

255 3562 409 3601 historia
433 3564 569 3597 Graeco
592 3564 759 3597 vocabulo
781 3563 944 3609 ἐφημερὶς
965 3563 1110 3597 dicitur.
1155 3561 1328 3597 Similiter
1349 3560 1495 3596 suidas:
1521 3559 1738 3605 Ἐφημερὶς,
1765 3560 1837 3592 τῶν
1858 3560 1909 3598 ἐφ’
1938 3559 2131 3604 ἑκάστης
2153 3560 2322 3607 ἡμέρας
2343 3561 2614 3600 συμπιπτόντων
2635 3561 2861 3607 &torm--

257 3607 309 3642 De
346 3607 617 3643 Commentariis
650 3609 807 3643 Caesaris
841 3617 957 3645 contra
991 3611 1036 3642 ita
1067 3608 1187 3643 scribit
1219 3615 1335 3642 auctor
1365 3606 1448 3640 libri
1480 3605 1576 3643 vm.
1610 3618 1642 3640 c.
1676 3606 1732 3640 48.
1784 3605 1863 3641 Scio
1904 3606 2088 3640 Caesarem
2113 3606 2407 3650 singulorum
2431 3618 2656 3642 annorum
2680 3608 2860 3650 singulos*

260 3652 537 3688 Commentarios
567 3654 761 3698 confecisse.
2269 3652 2272 3656 ’
