3442 4094
1838 127 1876 177 6

560 258 808 311 Sallustius,
850 264 1020 303 secutus
1061 256 1230 302 fortasse
1269 253 1318 299 C.
1356 251 1572 299 Lucilium
1610 254 1761 298 ntirae
1800 256 2079 313 scriptorem.
2111 256 2223 301 iusto
2267 256 2439 301 videtur
2481 261 2672 322 iniquior
2709 262 2756 306 in
2786 260 3024 317 Scaurum,
3057 263 3156 321 spi-

562 329 686 364 natus
733 321 1077 378 magnitudinem
1120 316 1281 375 ingenii
1326 316 1454 359 buius
1493 330 1596 361 cum
1643 329 1693 359 ea
1735 330 1905 360 morum
1952 318 2118 361 fillacio
2159 318 2287 361 fuisse
2323 320 2542 374 iunctam,
2593 330 2642 366 ut
2686 325 2849 368 virtuti.
2889 326 3154 369 simulatione

563 383 746 441 pessima
802 384 902 427 vitia
957 381 1056 424 obte
1112 386 1191 422 ret.
1270 377 1311 421 Is
1365 379 1516 436 utique
1569 377 1624 420 ab
1686 392 1737 421 eo
1785 378 1945 423 dieitur
1989 393 2030 423 c.
2057 382 2150 425 «1⁵.
2191 380 2322 424 Ιισὸκο
2366 380 2565 434 nobilis,
2624 386 2855 447 impiger,
2893 386 3153 446 fhetiosns,

563 444 733 494 avidum
757 443 1015 503 potentiae,
1203 441 1214 451 ⁰
1248 472 1261 494 ,
1294 438 1584 485 divitiarum
1592 455 1612 494 3
1642 447 1847 486 eder-nn
1873 443 1998 487 vitia
2028 458 2117 487 sua
2146 442 2318 488 callide
2348 443 2594 488 ooo-um.

628 508 854 554 Cemuram
916 506 1041 563 gessit
1083 520 1124 550 a.
1172 504 1281 547 645.
1330 517 1432 547 cum
1476 504 1534 548 Π.
1578 504 1698 548 Livio
1744 505 1900 559 Druso3
1951 507 1997 549 in
2041 510 2427 566 quovmagistratu
2472 507 2597 551 dam
2645 507 2905 554 Aeniliam
2951 514 3153 564 stravit,

806 567 1045 614 Mulvium
1102 566 1246 623 feeit,
1309 574 1357 609 ut
1401 567 1551 609 scribit
1597 567 1795 609 Aurelius
1837 569 2000 615 Victor.
2081 570 2144 612 Do
2187 577 2321 629 ponte
2361 569 2515 614 Mulvio
2560 569 2675 612 idem
2718 576 2894 614 testatur
2939 573 3153 618 Ammius.

563 631 750 679 Har-cell.
794 630 843 676 L.
886 630 1070 676 xxvu.
1123 645 1164 674 c.
1209 632 1257 673 3.
1319 627 1517 673 Panem
1565 627 1803 672 Humum
1862 633 2097 674 strauisse
2155 634 2373 690 superior
2427 632 2613 676 dieitur
2655 629 2875 676 Soaunss.
2956 635 3010 677 Et
3059 643 3156 680 sunt

566 695 641 755 qui
703 692 822 737 hunc
888 692 1087 737 eumdem
1138 698 1334 745 censent,
1383 692 1461 751 qui
1518 698 1660 750 postea
1719 691 1958 737 Aemilius
2002 708 2124 752 pens
2184 694 2325 739 dictus
2387 702 2447 739 est
2502 695 2621 753 apud
2681 696 2869 740 Iuveml.
2940 698 3013 743 vl.
3079 701 3156 743 32.

563 757 748 804 Aemilia
810 764 956 800 autem
1016 758 1110 807 via,
1173 768 1302 814 quam
1357 755 1542 798 Scaurus
1586 756 1771 798 stravisse
1830 756 2013 808 dicitur,
2081 770 2130 799 ea
2190 757 2467 815 intelligenda
2511 766 2598 810 est,
2647 772 2776 817 quam
2835 759 2988 802 Strabo
3035 761 3064 802 l.
3116 775 3153 803 c.

563 818 694 867 tradis
737 820 946 864 Scaurum
992 818 1156 861 duxisse
1203 830 1278 872 per
1325 817 1433 860 Pisas
1476 823 1518 858 et
1562 816 1725 859 Lunam
1770 831 1903 875 usque
1947 817 2003 860 ad
2044 817 2293 870 Sabatium,
2338 827 2468 878 atque
2513 820 2613 862 inde
2661 819 2935 863 Derthonem.
3013 821 3157 864 Altera

566 883 682 927 enim
737 881 940 931 Aemilia,
997 893 1107 938 quae
1150 878 1400 921 Flaminiam
1447 876 1629 934 exeipit,
1685 878 1738 923 M.
1788 878 1936 936 Lepidi
1989 880 2174 933 scilicet,
2225 880 2364 924 multo
2404 888 2504 924 ante
2546 882 2627 924 ruit
2668 889 2811 925 strata.
2895 884 2956 926 De
3003 884 3154 926 Scauri

567 947 750 992 Censura
794 943 979 1001 denique
1024 941 1106 986 hoc
1149 939 1420 984 memorabile
1466 946 1611 983 narrat
1655 940 1907 985 Plutarchus
1958 941 2003 985 in
2047 941 2222 997 Quaest.
2268 944 2394 987 Rom.
2445 958 2491 1000 p.
2539 943 2645 987 276.
2691 945 2738 988 t.
2805 943 3155 993 Ἀποθανόντος

567 1006 615 1052 δὲ
660 1008 840 1077 munros)
884 1003 1050 1060 ,Λιβίου
1094 1003 1315 1057 Δρούσου,
1375 1003 1579 1066 Σκᾳῦρος
1626 1000 1840 1056 Αἰμίλιος
1887 1008 2119 1061 συνάρχου
2168 1003 2247 1047 οὐκ
2293 1002 2495 1060 ἐβούλετο
2539 1007 2621 1058 τὴν
2666 1006 2805 1062 ἀρχὴν
2848 1008 3128 1050 ἀπείπασθαι
3142 1025 3166 1061 ,-

566 1070 714 1125 μέχρις
763 1082 813 1109 ov
857 1068 946 1108 τῶν
994 1063 1224 1120 δημάρχω
1266 1063 1388 1111 τινὲς
1434 1065 1574 1106 αὐτὸν
1617 1061 1820 1107 ἐκέλευον
1861 1067 1923 1114 εἷς
1955 1066 2005 1107 τὸ
2036 1063 2318 1121 δεσμωτήριον
2350 1066 2621 1117 dompmea„
2684 1068 2810 1110 noris
2839 1070 3000 1112 scilicet
3043 1078 3154 1122 erat,

566 1139 643 1181 ut,
690 1130 723 1173 si
770 1129 876 1175 alter
915 1129 1148 1173 censorum
1194 1127 1275 1169 vita
1325 1124 1556 1172 defunctus
1599 1134 1725 1178 esset,
1770 1128 1878 1171 alter
1908 1142 1951 1171 se
1983 1127 2215 1173 abdicaret.
2278 1128 2366 1174 Cir.
2399 1129 2538 1171 Livius
2568 1128 2613 1171 1..
2646 1128 2723 1173 lx.
2760 1143 2798 1172 c.
2834 1132 2910 1174 34.
2975 1131 3157 1176 Scaurus

567 1200 709 1238 autem
743 1207 765 1235 a
799 1190 977 1236 tribunis
1009 1190 1055 1235 iu
1084 1202 1296 1233 carcerem
1329 1187 1433 1232 duci
1463 1189 1625 1240 iussus,
1657 1188 1830 1235 taudem
1862 1191 2020 1233 invitus
2049 1190 2279 1235 abdicavit.
2669 1222 2673 1225 -

629 1256 725 1298 Post
771 1253 998 1298 censuram
1046 1251 1231 1310 denique
1274 1264 1315 1295 ι.
1358 1252 1470 1295 647.
1519 1251 1700 1294 merum
1749 1252 2024 1297 Consulatum
2068 1254 2193 1312 gessit
2234 1254 2445 1306 Scaurus,
2493 1253 2692 1297 suffectus
2739 1254 2900 1298 consuli
2941 1256 2988 1299 L.
3022 1256 3158 1300 Cassio

565 1318 777 1374 Longino,
827 1331 852 1358 a
896 1315 1075 1360 Cimbris
1120 1314 1302 1356 devicto.
1368 1313 1453 1356 Sed
1494 1314 1540 1355 in
1588 1313 1715 1356 huius
1762 1317 1919 1357 mortui
1964 1317 2111 1358 locum
2142 1317 2414 1359 Consulatum
2447 1323 2615 1372 petens,
2650 1318 2975 1373 competitorem
3009 1317 3159 1360 habuit

566 1382 613 1424 P.
658 1379 893 1429 Rutilium;
941 1378 1039 1436 qui,
1086 1389 1226 1433 passus
1268 1375 1508 1432 repulsam,
1555 1375 1765 1419 Scaurum
1808 1377 2026 1420 consulem
2059 1377 2327 1436 designatum
2361 1393 2457 1421 mox
2488 1378 2673 1421 ambitus
2705 1393 2823 1421 reum
2856 1381 2969 1436 egit:
3009 1394 3154 1424 verum
3207 1377 3210 1379 ’

565 1445 749 1486 Scaurus
797 1441 1009 1484 absolutus
1053 1439 1263 1483 Rutilium
1307 1445 1598 1480 accusatorem
1643 1452 1793 1492 suum,
1840 1446 1888 1483 ut
1933 1440 2133 1484 talionem
2176 1441 2238 1484 illi
2282 1439 2500 1491 redderet,
2533 1441 2578 1484 in
2610 1439 2725 1484 idem
2757 1440 2963 1484 iudicium
2996 1444 3159 1486 vocavit

565 1513 695 1565 atque
730 1505 856 1547 etiam
886 1503 1070 1547 ambitus
1101 1501 1327 1545 accusavit.
1391 1500 1454 1544 De
1486 1514 1572 1560 qua
1604 1501 1826 1545 inimicitia
1858 1516 1957 1546 mox
1989 1502 2207 1558 dicemus,
2240 1503 2315 1548 ubi
2347 1502 2400 1547 de
2430 1503 2593 1548 Rutilio
2623 1503 2932 1562 disputabimus
2965 1506 3005 1562 ς.
3040 1507 3085 1550 2.

629 1569 753 1610 Anno
805 1574 898 1623 post
945 1568 1127 1608 alterum
1168 1564 1439 1608 Consulatum
1482 1564 1642 1606 Scauro
1683 1578 1789 1606 nova
1825 1565 1977 1622 obtigit
2008 1566 2215 1623 dignitas,
2249 1566 2488 1625 procuratio
2522 1568 2580 1609 rei
2611 1566 2927 1610 frumentariae.
2990 1568 3160 1611 Scilicet

565 1631 610 1673 L.
663 1630 921 1685 Appuleium
970 1627 1273 1678 Saturninum,
1324 1627 1402 1683 qui
1450 1625 1686 1669 Ostiensem
1733 1627 1991 1683 provinciam
2037 1637 2235 1687 quaestor
2281 1629 2527 1679 obtinebat,
2578 1629 2620 1670 iu
2651 1631 2826 1670 caritate
2857 1643 3049 1673 annonae
3082 1631 3157 1673 Se-

565 1699 688 1734 natus
738 1708 761 1734 u
811 1706 884 1733 sua
932 1690 1207 1733 frumentaria
1254 1689 1553 1745 procuratione
1597 1689 1781 1741 amovit,
1831 1691 1956 1748 eique
2002 1694 2062 1733 rei
2105 1693 2161 1734 M.
2208 1693 2416 1736 Scaurum
2461 1691 2677 1748 praefecit.
2744 1690 2830 1746 Qui
2876 1692 3158 1743 Saturninus,

565 1762 615 1797 ut
659 1753 805 1797 Cicero
850 1755 995 1797 scribit
1044 1767 1122 1810 pro
1170 1753 1314 1796 Sextio
1359 1765 1398 1793 c.
1449 1752 1521 1793 17.
1572 1752 1648 1793 39.
1695 1750 1818 1809 quod
1857 1768 1887 1794 a
1932 1768 1999 1804 se,
2050 1763 2289 1811 quaestore
2337 1755 2567 1804 Ostiense,
2611 1768 2702 1810 per
2749 1754 3063 1810 ignominiam
3095 1755 3159 1796 ad

559 1817 828 1873 principem
884 1823 928 1857 et
984 1814 1182 1859 Senatus
1240 1819 1285 1855 et
1339 1813 1578 1863 civitatis,
1630 1811 1699 1856 M.
1750 1810 2008 1867 Scaurum,
2056 1830 2155 1857 rem
2193 1814 2573 1874 frumentariam
2622 1815 2911 1857 translatam
2958 1816 3155 1867 sciebat,

566 1877 768 1922 dolorem
815 1892 954 1921 suum
999 1891 1175 1937 magna
1223 1875 1504 1918 contentione
1533 1874 1688 1918 animi
1724 1884 1995 1932 persecutus
2033 1884 2128 1930 est,·
2171 1879 2263 1931 vel,
2295 1885 2343 1922 ut
2375 1877 2477 1921 alibi
2509 1876 2692 1928 dicitur,
2728 1877 2782 1920 de
2813 1878 2993 1935 Harusp.
3027 1880 3152 1934 Resp.

566 1956 606 1984 c.
656 1943 732 1983 20.
786 1942 861 1983 43.
913 1940 1069 1984 dolore
1100 1939 1269 1998 faetus
1317 1944 1386 1981 est
1426 1936 1705 1996 popularis,
1755 1946 1797 1981 et
1845 1954 1941 1983 mox
1988 1955 2123 1999 quum
2167 1940 2358 1999 plebeiae
2405 1940 2598 1984 factionis
2641 1939 2903 1998 principibus
2944 1955 2987 1983 se
3019 1941 3157 1998 appli-

568 2005 717 2047 cuisset
750 2011 792 2046 et
824 2019 971 2046 eorum
1004 2003 1147 2046 favore
1178 2004 1317 2045 factus
1348 2008 1455 2043 esset
1485 2001 1722 2053 Tribunus,
1758 2004 2040 2058 gravissimam
2074 2005 2302 2046 concitavit
2331 2003 2593 2046 seditionem.

631 2067 801 2108 Praeter
842 2080 1028 2108 summos
1075 2066 1194 2117 illos,
1245 2064 1297 2106 de
1336 2062 1492 2121 quibus
1537 2063 1742 2114 diximus,
1778 2063 1982 2115 honores,
2016 2066 2202 2108 Scaurus
2232 2066 2360 2108 etiam
2394 2066 2437 2107 in
2469 2066 2693 2120 Augurum
2728 2065 2957 2121 collegium
2992 2065 3158 2107 videtur

567 2129 693 2171 fuisse
738 2132 974 2185 cooptatus.
1038 2127 1124 2169 Sed
1172 2140 1258 2184 quo
1302 2131 1492 2181 tempore
1534 2125 1611 2166 iste
1651 2124 1783 2167 honos
1814 2126 1894 2183 ipsi
1927 2128 2181 2183 contigerit,
2216 2136 2387 2184 propter
2416 2127 2755 2169 testimoniorum
2788 2128 3008 2182 penuriam
3041 2135 3159 2169 certo

570 2205 657 2233 non
705 2197 841 2247 potest
886 2189 1069 2232 definiri.
1135 2189 1195 2231 Ex
1244 2187 1415 2231 Asconii
1459 2185 1645 2239 scholio,
1695 2186 1813 2245 quod
1858 2202 1954 2232 mox
1997 2189 2245 2242 citabimus,
2311 2195 2485 2246 apparet
2532 2188 2827 2231 tantummodo
2875 2188 3013 2245 ipsum
3074 2189 3158 2231 iam

568 2254 791 2309 Augurem
824 2253 948 2295 fuisse
980 2266 1022 2295 a.
1055 2252 1162 2295 650.
1196 2264 1283 2309 quo
1315 2249 1524 2292 Domitius
1552 2249 1634 2291 funt
1666 2250 1876 2294 tribunus.

631 2315 694 2359 Ex
742 2315 965 2371 Auguratu
1014 2321 1156 2356 autem
1205 2319 1302 2355 nata
1349 2312 1511 2354 Scauro
1558 2311 1746 2354 simultas
1793 2320 1853 2355 est
1897 2327 1994 2355 cum
2044 2314 2121 2358 Cn.
2167 2315 2380 2366 Domitio,
2427 2314 2502 2372 qui
2547 2328 2632 2356 non
2678 2312 2886 2357 dubitavit
2927 2314 3161 2372 principem

569 2386 735 2421 senatus
783 2385 915 2436 atque
961 2378 1140 2420 civitatis
1186 2377 1230 2419 in
1274 2374 1482 2418 iudicium
1532 2375 1679 2432 populi
1726 2388 1901 2427 vocare,
1955 2376 2096 2420 dicens
2135 2378 2224 2420 eins
2261 2391 2388 2434 opera
2427 2390 2541 2419 sacra
2576 2377 2721 2433 populi
2754 2377 2935 2420 Romani
2968 2391 3054 2418 esse
3086 2376 3160 2419 de—

569 2442 751 2483 minuta.
817 2442 925 2482 Rem
975 2445 1118 2482 narrat
1167 2438 1368 2481 Asconius
1412 2437 1463 2479 ad
1512 2437 1735 2480 Scaurian.
1785 2451 1824 2480 c.
1867 2442 1907 2482 1.
1955 2453 1998 2496 p.
2047 2442 2122 2482 21.
2169 2438 2253 2483 On.
2302 2439 2572 2491 Domitius,
2620 2440 2706 2499 qui
2736 2438 2896 2482 consul
2913 2436 3027 2497 ficit
3056 2446 3160 2483 cum

573 2504 757 2554 Cassio,
806 2519 947 2561 quum
994 2510 1110 2544 esset
1157 2502 1379 2545 tribunus
1414 2499 1591 2557 plebis,
1641 2502 1802 2542 iratus
1852 2499 2047 2554 Scauro,
2098 2502 2220 2561 quod
2261 2516 2364 2545 eum
2406 2503 2460 2544 in
2504 2501 2761 2562 Augurum
2792 2502 3040 2561 collegium
3071 2516 3161 2545 non

571 2567 885 2623 coaptaverat,
934 2565 1056 2608 diem
1099 2566 1143 2607 ei
1181 2563 1310 2607 dixit
1353 2561 1483 2620 apud
1511 2560 1740 2619 populum
1776 2570 1820 2605 et
1854 2565 2057 2607 multam
2089 2567 2354 2622 irrogavit,
2390 2563 2512 2623 quod
2539 2567 2639 2606 eius
2671 2579 2811 2621 opera
2841 2579 2978 2606 sacru
3007 2564 3160 2606 multa

571 2628 738 2686 populi
796 2626 997 2671 Romani
1053 2626 1293 2670 deminuta
1336 2640 1428 2669 esse
1475 2623 1660 2668 diceret.
1741 2624 1950 2669 Crimini
1994 2627 2134 2671 dabat
2178 2642 2317 2671 sacra
2356 2626 2549 2684 publiea
2590 2626 2756 2684 populi
2798 2624 2999 2669 Romani
3029 2625 3162 2669 deum

573 2691 853 2741 Penatium,
905 2705 1020 2748 quae
1067 2689 1266 2733 Lavinis·
1295 2687 1498 2747 fierent,
1547 2701 1692 2744 opera
1735 2689 1837 2729 eius
1885 2689 2044 2732 minus
2087 2697 2206 2733 reete
2252 2696 2460 2749 casteque
2485 2687 2619 2746 fiori.
2689 2688 2790 2747 Quo
2832 2689 3031 2730 erimine
3076 2687 3163 2730 ab·

573 2753 758 2798 solutus
794 2759 863 2794 est
901 2751 1107 2796 Scaurus
1142 2750 1352 2810 quidm,
1401 2748 1481 2792 sed
1526 2750 1627 2803 ita,
1676 2756 1731 2791 ut
1780 2765 1809 2793 a
1861 2751 2018 2795 tribus
2065 2752 2282 2797 tribubus
2328 2751 2652 2803 damnaretur,
2701 2766 2732 2794 a
2779 2751 2959 2796 mn.
3007 2749 3161 2793 absol-

577 2823 780 2867 veretur,
832 2822 876 2856 et
922 2816 976 2856 in
1022 2816 1089 2856 eis
1126 2828 1279 2871 pauca
1322 2820 1497 2872 prmota
1540 2814 1668 2854 inter
1716 2811 2060 2857 damnationem
2113 2822 2158 2857 et
2194 2814 2528 2858 absolutionem
2574 2815 2860 2856 interessent.
2926 2814 2976 2857 In
3025 2827 3162 2872 eaque

571 2893 699 2921 causa
761 2878 994 2926 Domitius,
1058 2891 1315 2934 quamquam
1374 2877 1435 2918 rei
1493 2875 1760 2932 opprimendi
1817 2891 1984 2919 summo
2038 2878 2178 2921 studio
2238 2878 2462 2934 flagraret,
2523 2875 2736 2919 laudabile
2800 2876 2925 2919 dedit-
2982 2876 3165 2918 iustitiae

572 2941 839 2998 exemplum,
890 2939 1004 2998 quod
1052 2947 1193 2982 narrat
1233 2939 1379 2982 Cicero
1424 2952 1502 2995 pro
1546 2939 1681 2980 Deiot.
1733 2952 1771 2981 c.
1824 2941 1895 2981 11.
1927 2941 2003 2982 31.
2067 2941 2148 2984 Cn.
2194 2940 2441 2983 Domitius
2478 2939 2587 2990 ille,
2619 2953 2752 2999 qim»
2783 2952 2865 2981 nos
2890 2940 3032 2997 pueri
3061 2952 3162 2979 oon-

571 3003 744 3055 sulem,
789 3018 1040 3054 censorem,
1090 2999 1351 3060 pontificem
1396 3001 1656 3044 maximum
1702 2999 1938 3055 vidimus,
1981 3018 2125 3061 quum
2171 3003 2393 3046 tribunus
2426 3002 2580 3060 plebis
2627 3002 2695 3045 M.
2732 3000 2985 3051 kS'oaurum,
3023 3001 3164 3058 prin-

572 3068 721 3124 cipem
769 3067 1009 3118 civitatis,
1058 3066 1111 3107 in
1162 3063 1395 3108 iudicium
1434 3062 1603 3121 populi
1649 3070 1873 3117 vocasset,
1923 3063 2180 3125 Scaurique
2226 3080 2388 3109 seruus
2434 3064 2499 3107 ad
2541 3081 2644 3108 eum
2689 3064 2813 3107 olam
2857 3064 3041 3106 domum
3087 3078 3163 3105 ve-

573 3131 741 3180 nisset,
793 3135 837 3171 et
877 3130 1084 3171 crimina
1127 3129 1181 3170 in
1235 3125 1474 3169 dominum
1524 3115 1795 3171 delatussum
1836 3142 1883 3170 ss
1929 3142 2022 3171 ssse
2069 3128 2297 3171 diaeieeet:
2337 3127 2560 3186 prehendi
2608 3127 2835 3172 bominem
2880 3127 3024 3169 iussit
3039 3159 3050 3178 ,
3101 3125 3165 3170 ad

577 3191 895 3251 Scaurumque
926 3191 1102 3234 deduci.
1167 3191 1229 3233 Ex
1261 3204 1349 3247 quo
1380 3190 1474 3231 loco
1504 3203 1578 3231 sua
1610 3188 1735 3231 duxit
1763 3191 1907 3235 valor.
1938 3191 2048 3234 itm
2080 3193 2127 3236 L.
2161 3193 2238 3236 VI.
2270 3206 2310 3233 c.
2348 3195 2392 3235 6.
2428 3195 2472 3234 5.

637 3256 761 3300 Anno
807 3256 916 3300 654.
963 3269 1098 3313 quum
1147 3253 1347 3296 tribunus
1394 3250 1529 3308 plebis
1574 3252 1850 3306 Saturninus,
1903 3253 1956 3297 do
2003 3269 2100 3313 quo,
2139 3254 2344 3306 diximus,
2379 3263 2426 3298 et
2454 3263 2623 3311 praetor
2654 3255 2831 3296 Glaucia
2865 3261 2906 3295 et
2938 3254 3160 3312 Equitius,

573 3318 813 3374 designatus
859 3318 1054 3361 tribunus
1098 3317 1252 3373 plebis,
1304 3316 1508 3358 maximos
1553 3315 1599 3356 in
1647 3316 1825 3359 civitato-
1849 3316 2113 3369 seditionum
2129 3326 2268 3360 motus
2299 3318 2568 3367 excitassent,
2604 3324 2876 3375 tenerentque
2907 3317 3160 3372 Capitolium

572 3382 752 3427 armati.
804 3395 880 3422 nec
929 3381 1152 3438 quisquam
1200 3394 1243 3421 se
1294 3377 1453 3435 populo
1501 3378 1714 3427 concitato
1756 3386 2016 3435 opponeret,
2064 3379 2133 3424 M.
2180 3378 2425 3423 Aemilius
2458 3377 2686 3431 Scaurus,
2731 3386 2826 3421 sunt
2860 3378 2983 3421 verba
3019 3378 3159 3422 Valer.

574 3445 684 3485 Max.
734 3443 780 3485 L.
831 3443 910 3485 111.
957 3456 994 3485 c.
1046 3444 1089 3484 2.
1145 3443 1217 3484 18.
1303 3441 1472 3484 Caium
1517 3437 1762 3490 Marium,
1811 3441 2102 3485 consulatum
2149 3450 2331 3486 sentum
2369 3447 2629 3500 gerentem,
2690 3441 2906 3485 hortatus
2952 3447 3047 3498 est,
3105 3447 3160 3482 ut

577 3505 842 3552 libertatem
894 3503 1098 3563 legesque
1142 3518 1286 3546 manu
1333 3501 1621 3561 defenderet.-
1660 3504 1970 3563 protinusque
2012 3519 2151 3548 arma
2190 3505 2301 3547 sibi
2321 3504 2495 3561 afferri
2525 3506 2682 3548 iussit.
2749 3503 2930 3563 Quibus
2959 3501 3156 3553 allatis,

576 3568 751 3611 ultima
798 3574 1024 3610 senectute
1069 3565 1324 3624 confectum
1371 3572 1416 3606 et
1451 3578 1597 3623 paens
1642 3564 1885 3621 dilapsum
1926 3580 2099 3624 corpus
2139 3566 2324 3616 induit,
2375 3567 2640 3625 spiculoque
2672 3568 2868 3610 inni-vus
2895 3571 3000 3607 ante
3022 3563 3158 3621 fores

576 3630 747 3674 Curiae
790 3630 1031 3681 constitit,
1082 3642 1137 3670 ae
1172 3625 1398 3685 parvulis
1434 3627 1634 3675 extremi
1678 3627 1886 3685 epiricus
1925 3628 2172 3689 reliquiis,
2220 3644 2276 3672 ne
2319 3644 2406 3672 Μ’
2435 3629 2635 3688 publiea-
2671 3629 2958 3687 exspiraret,
2992 3624 3155 3685 effecit.
