3442 4094
1945 128 2017 184 w

1624 262 1681 315 §··
1700 263 1742 302 ⁵·
1764 271 1773 288 ²
1806 260 1863 302 H.
1896 257 2145 302 ‘ruimus
2180 260 2353 305 vano.
2399 267 2419 288 κ

694 396 699 401 ’
735 386 803 431 Ἡ.
864 384 1087 427 Tcrentins
1147 383 1309 432 Varro,
1392 382 1471 439 qui
1520 388 1687 423 tantum
1713 382 1974 439 composuit
2021 382 2228 425 librorum
2276 393 2501 425 numerum
2565 390 2612 425 nt
2660 397 2746 425 non
2794 387 2921 429 facile
2970 390 3108 431 ullum
3165 390 3294 446 possit

684 449 914 508 excogitari
960 443 1192 501 scriptionis
1243 456 1405 500 genus,
1452 441 1566 501 quad
1598 442 1687 486 vhio
1735 442 1957 503 reliquerit
1996 445 2239 497 intactum,
2270 466 2349 476 ....
2394 457 2479 503 qua
2523 442 2577 488 de
2627 459 2750 487 causa
2795 461 2821 488 a
2851 448 3069 493 Cicerone
3109 449 3163 494 ad
3206 451 3293 496 Au,

683 514 804 557 1111.
857 510 931 552 18.
980 506 1217 564 appellatur
1266 503 1687 560 πολυγραφώτατος,
1723 529 1786 538 --
1818 508 1946 550 etiam
1976 505 2092 550 inter
2124 507 2347 565 scriptores
2388 509 2497 551 vitae
2537 508 2733 567 propriae
2777 508 2919 552 locum
2967 511 3044 553 sibi
3076 513 3291 557 vindicare

684 575 862 618 videtur.
927 572 1055 615 Hunc
1078 570 1193 613 enim
1211 600 1225 621 ,
1251 568 1308 612 ad-
1332 569 1577 626 exemplam
1613 569 1762 612 Scauri
1793 576 1835 612 et
1867 569 2046 620 Rutilii,
2076 568 2131 613 de
2161 584 2235 613 sua
2266 583 2440 629 quoque
2471 570 2609 630 ipsum
2641 570 2847 627 scripsisse
2873 572 2954 615 vita
2974 605 2986 623 ‚
3019 575 3213 619 norimus
3239 589 3290 620 ex

684 635 866 681 Charisio
909 635 958 678 L.
1003 633 1041 676 1.
1079 647 1122 690 p.
1172 632 1247 675 69.
2806 665 2811 669 .
3186 634 3190 639 “
3276 667 3279 670 ,

744 698 918 740 Praeter
966 694 1140 740 Charisii
1185 701 1329 737 autem
1371 694 1657 737 testimonium
1700 693 1807 738 nihil
1856 694 2027 737 omnino
2073 701 2262 751 superest
2300 693 2354 737 de
2403 695 2511 739 libro
2550 696 2835 748 Varroniano-3
2888 696 2933 738 in
2961 697 3084 739 cuius
3107 698 3291 741 interitu

679 761 767 802 sine
816 758 949 802 dubio
999 770 1202 815 magnam
1250 758 1457 800 iacturam
1506 757 1703 800 fecerunt
1750 759 1910 800 Literao
1959 757 2161 807 Latinae,
2219 758 2263 799 in
2290 757 2445 814 primis
2485 771 2586 801 vero
2626 759 2822 801 Historia.
2905 757 3019 812 Quas
3068 759 3182 800 euim
3230 772 3293 802 res

682 822 755 865 hic
805 823 867 864 vir
917 822 1055 878 potuit
1101 819 1275 872 ridere,
1322 820 1479 878 quibus
1520 819 1646 863 rebus
1683 821 1911 871 interesse,
1961 825 2066 876 quot
2114 818 2307 862 homines
2353 820 2540 873 novisse,
2581 822 2658 880 qui
2702 822 2821 864 annis
2853 821 2936 863 suis
2968 821 3097 863 seculi
3126 827 3292 877 tenpus

682 885 920 942 aequarit?
996 881 1134 939 quue
1174 896 1249 923 >eo
1298 884 1427 924 ctiam
1466 884 1629 938 ›magis,
1677 883 1710 924 si
1755 883 1915 933 Varro,
1962 881 2078 939 quod
2125 896 2211 923 non
2252 883 2342 924 siue
2387 895 2513 925 eausa
2559 883 2701 925 videor
2749 882 2854 925 mihi
2895 897 3013 940 posse
3058 883 3287 939 suspicari,

684 946 897 1004 scripserit
938 943 1057 987 hunc
1107 943 1266 987 librum
1310 945 1354 987 in
1401 944 1554 987 ultimo
1598 945 1707 988 ritae
1747 959 1845 988 suae
1892 943 2046 996 stadio,
2097 956 2184 1002 qno
2233 943 2287 987 ab
2332 944 2521 988 Antonio
2559 945 2815 1003 proscriptas
2863 951 2922 988 est
2973 945 3293 1003 septuagenario

681 1009 846 1061 maior3
894 1022 991 1049 mox
1034 1014 1206 1058 tamen,
1251 1021 1515 1064 quamquam
1563 1008 1883 1063 possessionibus
1914 1008 1999 1049 suis
2035 1015 2214 1056 exutus,
2257 1008 2389 1049 evasit
2434 1007 2686 1063 periculum·
2719 1009 2833 1049 neeis
2867 1015 2909 1049 et
2942 1008 3151 1066 reliquum
3182 1009 3294 1049 vitae

681 1080 883 1130 tempus,
929 1069 1053 1110 rebus
1095 1083 1173 1126 per
1216 1069 1459 1126 Augustum
1495 1070 1800 1127 tranquillatis,
1850 1075 1966 1109 tutus
2011 1069 2067 1110 ab
2111 1069 2226 1110 omni
2275 1070 2347 1121 vi,
2395 1069 2625 1111 consumsit
2677 1069 2721 1109 in
2763 1070 2908 1112 literis.

746 1137 830 1177 Res
877 1132 1080 1177 Varronis
1118 1132 1308 1187 proxime
1353 1133 1607 1173 coniunctae
1647 1133 1818 1173 suerunt
1863 1145 1963 1173 cum
2005 1132 2234 1181 Cicerone,
2286 1133 2488 1188 Pompeio
2530 1139 2571 1174 ct
2614 1131 2817 1182 Caesare3
2864 1131 2917 1173 de
2966 1133 3119 1188 quibus
3152 1133 3291 1176 verisi⁴

685 1197 785 1240 milo
829 1202 888 1238 est
930 1195 1067 1252 ipsum
1115 1195 1158 1236 in
1196 1191 1292 1253 'hoc
1336 1192 1445 1235 libro
1487 1193 1673 1236 multum
1724 1206 1809 1235 esse
1858 1192 2069 1237 locutum.
2136 1192 2241 1236 Cum
2291 1193 2492 1237 Cicerone
2536 1193 2679 1245 enim,
2713 1207 2800 1251 quo
2825 1192 2973 1236 decem
3007 1196 3126 1237 anuis
3158 1196 3292 1238 maior

686 1266 802 1310 erat,
849 1272 934 1299 non
978 1256 1115 1298 solnm
1166 1254 1607 1298 communes.habuit
1654 1262 1977 1313 praeceptores,
2024 1263 2066 1298 et
2114 1257 2274 1298 Romae
2318 1255 2493 1314 quidem
2540 1257 2584 1299 L.
2632 1256 2797 1298 Aelium
2846 1256 3074 1308 Stilonem,
3118 1257 3293 1300 Athenis

686 1336 783 1366 vero
814 1318 1079 1364 Antiochum
1107 1317 1388 1362 Ascalonitam
1421 1316 1526 1375 (vid.
1552 1318 1641 1362 Cic.
1675 1320 1719 1361 in
1756 1319 1890 1361 Bruto
1921 1332 1960 1363 c.
1998 1320 2073 1361 56.
2105 1320 2211 1362 205.
2257 1317 2459 1364 Academ.
2494 1318 2654 1373 Qu..1..
2678 1319 2714 1361 1.
2751 1331 2791 1363 c.
2823 1322 2867 1362 3.
2902 1320 2973 1362 12.
3008 1325 3050 1362 et
3082 1319 3292 1362 Heusdius

690 1385 742 1427 de
791 1383 913 1427 Aelio
956 1381 1118 1425 Stilone
1168 1396 1211 1438 p.
1264 1383 1317 1424 51
1366 1378 1478 1439 sq.):
1529 1380 1600 1424 sed
1641 1381 1734 1423 talis
1778 1382 1905 1423 etiam
1955 1381 2067 1424 inter
2112 1387 2344 1438 utrumque
2388 1380 2470 1424 fuit
2529 1382 2636 1424 vitae
2677 1380 3003 1439 studiorumque
3051 1381 3290 1424 coniunctio

685 1454 732 1489 nt
784 1447 925 1492 Varro>
966 1444 1120 1486 librum
1171 1458 1196 1485 a
1237 1456 1278 1485 se
1330 1444 1532 1501 scriptum
1582 1442 1635 1485 de
1682 1444 1845 1501 Lingua
1894 1444 2041 1486 Latina
2091 1442 2349 1487 dedicaverit
2380 1443 2602 1496 Ciceroni,
2636 1442 2998 1501 quemadmodum
3033 1442 3104 1485 hic
3138 1444 3294 1489 Varro-⁵

684 1523 783 1553 nem
829 1507 1038 1565 inscripsit
1078 1506 1433 1549 Academicorum
1475 1507 1756 1563 posteriorum
1801 1506 1954 1548 librum
1998 1508 2199 1564 primum.

749 1574 1029 1629 Posteaquam
1068 1568 1301 1612 honoribus
1347 1570 1546 1610 inservire
1594 1570 1759 1625 coepit,
1804 1569 1987 1624 primum
2036 1569 2209 1626 quidem
2256 1570 2490 1622 Triumvir,
2524 1568 2679 1613 deinde
2721 1570 2933 1613 Tribunus
2965 1570 3099 1626 plebis
3128 1576 3292 1611 creatus

685 1642 771 1688 est;
810 1648 894 1691 qua
930 1632 983 1674 de
1016 1646 1061 1674 re
1089 1633 1185 1688 ipse-
1210 1631 1371 1686 scripsit
1411 1631 1453 1672 in
1482 1630 1592 1672 libro
1639 1631 1756 1674 XXI.
1791 1632 1950 1673 Rerum
2000 1632 2318 1681 Humanarum,
2354 1638 2458 1674 teste
2489 1631 2628 1674 Gellio
2662 1633 2708 1676 L.
2733 1633 2853 1675 xm.
2890 1646 2929 1674 c'.
2969 1634 3040 1674 12.
3071 1633 3115 1676 6.
3180 1630 3291 1689 Ego

688 1697 921 1740 triumvir
956 1701 1145 1737 vocatae
1192 1708 1222 1735 a
1270 1691 1441 1735 Porcio
1490 1692 1680 1734 tribuno
1717 1692 1896 1750 plebis,
1956 1707 2045 1735 non
2094 1695 2193 1746 ivi,
2238 1693 2506 1744 auctoribus
2565 1694 2891 1752 principibus,
2935 1700 2978 1736 et
3030 1700 3159 1737 vetus
3212 1694 3290 1735 iae

687 1760 830 1802 tenui.
898 1757 1019 1799 Item
1057 1756 1278 1798 tribunus
1319 1755 1476 1812 plebie
1521 1770 1670 1814 quum·
1717 1770 1857 1797 euem
1875 1788 1887 1806 ,
1935 1758 2095 1798 vocari
2134 1757 2360 1800 neminem
2410 1758 2535 1798 iuni
2550 1788 2563 1809 ‚
2613 1772 2753 1814 neque
2796 1764 3005 1799 vocatum
3050 1772 3078 1799 a
3112 1755 3290 1815 collega

746 1838 848 1866 rere
884 1822 1103 1864 invitum.

681 1840 839 1929 ΡαΜοι
886 1886 931 1926 in
969 1884 1046 1927 Cu.
1095 1883 1286 1939 Pompeii
1338 1883 1526 1939 pervenit
1570 1883 1928 1935 familiaritatem,
1973 1898 2101 1941 quem
2151 1896 2234 1925 non
2281 1895 2430 1940 parum
2479 1882 2637 1925 adiuvit
2665 1882 2840 1925 scientia
2871 1897 2944 1925 sua
2975 1882 3153 1940 Antiqui
3185 1882 3288 1924 iuris

682 1947 904 1992 Senatorii.
970 1947 1074 1989 Nam
1125 1959 1266 2004 quum
1301 1945 1553 2003 Pompeius
1602 1946 1762 1988 conoul
1797 1947 2014 2003 primum
2058 1947 2333 2004 designatus
2373 1959 2477 1987 cum
2527 1944 2595 1988 M.
2647 1944 2841 1996 Crasso,
2874 1952 2922 1987 ut
2953 1943 3114 1986 Gellius
3151 1951 3290 1986 narrat

685 2013 732 2053 L.
776 2010 893 2054 XIV.
938 2023 975 2051 c.
1026 2011 1066 2051 7.
1104 2011 1144 2050 1.
1191 2022 1292 2049 eum
1342 2009 1686 2066 magistratum
1723 2009 1941 2050 initurus
1960 2007 2124 2066 foret,
2176 2008 2425 2067 quoniam,
2457 2022 2547 2064 per
2577 2007 2787 2049 militiae
2818 2014 3054 2063 tempora,
3103 2013 3289 2048 senatus

692 2070 887 2115 habendi
933 2069 1313 2128 consulendique,
1377 2085 1535 2111 rerum
1582 2085 1743 2127 expers
1788 2070 2082 2113 urbanarum
2115 2069 2256 2129 suit,
2309 2069 2377 2113 M.
2425 2067 2713 2120 Varronem,
2765 2067 3071 2127 familiarem
3120 2083 3256 2110 cuum
3276 2101 3286 2119 ,

693 2135 914 2192 rogavit,
975 2135 1053 2174 uti
1109 2133 1491 2174 commentarium
1540 2132 1725 2189 faceret
1787 2134 2068 2182 εἲςαγωγικὸν
2130 2132 2216 2190 (eie
2278 2132 2401 2173 enim
2459 2130 2623 2173 Varro
2667 2132 2766 2186 ipse
2809 2129 3060 2186 appellat3)
3106 2145 3160 2172 σω
3200 2145 3288 2188 quo

690 2195 911 2246 disceret,
965 2192 1082 2252 quid
1115 2192 1279 2252 facere
1326 2193 1559 2252 dicereque
1603 2193 1778 2237 deberet
1793 2225 1808 2245 ,·
1856 2208 1996 2251 quum
2041 2202 2250 2238 cenatum
2293 2191 2562 2237 consuleret.

751 2259 956 2315 Pompeio
996 2257 1134 2299 adfuit
1179 2257 1302 2300 etiam
1350 2258 1403 2299 in·
1433 2256 1545 2298 bello
1594 2257 1782 2299 Pir-atico·
1818 2264 1858 2299 et
1896 2270 2094 2300 coronam
2141 2257 2195 2299 ab
2244 2270 2294 2299 eo
2338 2256 2495 2298 meruit
2533 2255 2721 2298 navalem
2738 2262 2756 2308 ,'
2796 2262 2843 2297 ut
2890 2256 3083 2298 meminit
3127 2254 3286 2297 Plinius

686 2325 732 2365 L.
784 2322 884 2366 Vll.
931 2321 1006 2362 30.
1059 2318 1173 2376 (31.)
1226 2327 1267 2360 et
1309 2320 1355 2362 L.
1407 2319 1522 2363 XVI.
1556 2321 1582 2360 4
1617 2317 1697 2377 (3.)
1765 2321 1834 2376 In·
1862 2317 2011 2361 eodem
2054 2320 2167 2363 bello
2211 2320 2344 2364 Varro
2391 2318 2626 2374 cogitavit,
2677 2317 2873 2374 pontibus
2910 2318 3059 2368 iactis,
3106 2316 3297 2373 pedestri·

687 2385 865 2426 transitu
911 2383 1164 2423 continuare
1208 2383 1333 2423 maris
1374 2381 1601 2422 Hadriatici
1648 2381 1948 2430 intervallum,
1997 2396 2113 2439 quo,
2157 2396 2210 2422 ex
2260 2379 2431 2422 adverso
2471 2380 2817 2436 Appolloniatum
2851 2380 3056 2435 oppidum
3090 2380 3286 2420 transitus

687 2449 731 2488 in
763 2445 986 2487 Graeciam
1018 2443 1286 2485 brevissimus
1331 2451 1416 2485 est:
1460 2441 1577 2499 quod
1624 2445 1808 2497 primum
1857 2444 2117 2498 cogitaverat
2157 2441 2374 2499 Pyrrhus;
2421 2440 2500 2483 sed
2541 2449 2792 2499 urnamque
2840 2441 2966 2483 aliae
3012 2440 3288 2496 impediam-e

687 2523 854 2558 curae,
905 2513 954 2548 ut
994 2504 1137 2550 scribit
1187 2505 1357 2548 Plinius
1393 2505 1437 2548 L.
1478 2505 1559 2548 111.
1609 2518 1650 2548 e.
1705 2507 1781 2549 11.
1821 2503 1943 2562 (16.)

752 2570 907 2613 Exorto
957 2566 1109 2611 deinde
1159 2566 1271 2611 hello
1319 2566 1471 2620 Civili,
1516 2567 1559 2610 in
1603 2567 1802 2624 Hispania
1846 2567 2044 2612 ulteriore
2091 2568 2321 2612 exercitum
2365 2567 2472 2611 rexit
2520 2573 2562 2611 et
2599 2566 2888 2624 provinciam,
2937 2565 3008 2610 sed
3057 2581 3081 2610 a
3114 2566 3287 2611 Caesare

686 2632 787 2675 inde
837 2631 1034 2689 depulsus
1077 2630 1128 2672 ad
1167 2631 1418 2686 Pompeium
1461 2644 1503 2671 se
1561 2630 1605 2671 in
1647 2630 1866 2673 Graeciam
1906 2631 2121 2682 contulit,
2180 2633 2355 2688 eiusque
2404 2637 2540 2687 partes
2590 2637 2758 2672 strenue
2804 2630 2913 2671 tueri
2961 2636 3154 2672 conatus*
3194 2635 3283 2678 est3

687 2695 862 2738 tandem
911 2708 1008 2735 vero
1056 2700 1148 2749 post
1181 2692 1347 2736 cladem
1388 2692 1669 2735 Pharsalicam
1703 2693 1866 2736 Caesari
1900 2695 2048 2736 victori
2097 2709 2138 2736 se
2188 2694 2405 2750 permisit,
2459 2700 2506 2735 ut
2553 2692 2699 2735 Caesar
2738 2693 2825 2748 ipse
2869 2698 3010 2733 narrat
3049 2693 3093 2733 iu
3118 2693 3166 2734 B.
3195 2691 3285 2733 civ.

685 2759 732 2800 L.
784 2757 844 2799 11.
896 2769 936 2798 c.
992 2756 1189 2797 17-20,
1252 2756 1417 2797 Interea
1463 2762 1624 2805 tamen,
1670 2754 1774 2797 dum
1819 2756 1967 2799 Caesar
2017 2755 2130 2798 bello
2166 2753 2454 2798 Alexandrino
2494 2753 2790 2807 detineretur,
2832 2754 3041 2797 Antonius
3080 2754 3124 2795 in
3177 2753 3287 2798 Var-

689 2819 800 2862 ronis
838 2816 1022 2860 fundum
1064 2816 1315 2860 Cassinatem
1350 2816 1615 2860 advolaverat
1644 2818 1884 2876 multosque
1930 2817 2019 2860 dies
2064 2818 2109 2860 in
2159 2831 2206 2861 ea
2255 2816 2351 2860 villa
2397 2816 2637 2872 turpissime
2686 2823 2776 2858 erat
2826 2814 3147 2872 perbacchatus.
3215 2812 3288 2857 Ah

692 2882 807 2924 liora
842 2880 1017 2929 tertia,
1048 2879 1190 2936 inquit
1218 2878 1364 2921 Cicero
1393 2880 1436 2921 in
1470 2878 1583 2922 Phil.
1610 2879 1669 2923 11.
1700 2894 1740 2923 c.
1773 2881 1847 2923 41.
1888 2881 1989 2922 104.
2019 2879 2272 2930 hibebatur,
2307 2877 2569 2930 ludebatur,
2597 2877 2953 2929 veniebatur-3·-
2974 2875 3286 2935 personabant

694 2944 850 2986 omnia
893 2940 1077 2984 vocibus
1114 2939 1378 2992 ebriorum5
1422 2941 1652 2984 ‚cacabant
1693 2943 1970 2999 pavimenta·
2012 2943 2149 2993 vin03
2194 2940 2437 2985 madebant
2474 2942 2683 2997 parietes
2698 2956 2722 2992 ,·-
2766 2942 2961 3000 ingenui
3001 2940 3142 2997 pueri
3182 2951 3283 2979 oum

690 3006 958 3049 meritoriis
974 3034 986 3055 ,
1036 3010 1191 3046 ecorta
1234 3004 1362 3046 inter
1408 3011 1586 3045 matree
1616 3004 1851 3062 fhms‘ls'ae
1893 3004 2215 3047 versabamur.

751 3068 899 3111 Caesar
941 3075 1083 3109 autem
1132 3068 1313 3109 Romam
1360 3065 1490 3111 redux
1538 3081 1621 3108 nou
1664 3067 1799 3110 modo·
1837 3069 2072 3113 Varronem
2122 3069 2167 3109 in
2211 3067 2389 3125 gratiam
2436 3068 2617 3124 recepit.
2677 3065 2749 3109 sed
2797 3068 2925 3109 etiam
2970 3063 3287 3122 Bibliothecae

692 3130 896 3176 Graecae
940 3137 983 3172 et
1029 3129 1260 3181 Latinae,
1328 3136 1377 3171 ut
1432 3129 1658 3172 Suetonius
1702 3129 1848 3174 scribit
1897 3131 1941 3173 in
1985 3130 2101 3175 Caes.
2150 3144 2189 3173 c.
2240 3131 2317 3174 44.
2361 3144 2501 3187 quam
2537 3131 2777 3173 maximae>
2823 3134 3001 3186 ponet,
3043 3123 3287 3184 publicare

690 3193 955 3244 destinam,
1013 3191 1081 3235 M.
1148 3190 1366 3234 Varroni
1410 3205 1574 3233 curam
1620 3191 1748 3235 dedeo
1788 3190 2210 3250 comparandarum
2258 3206 2313 3234 ao
2357 3190 2737 3251 digerendae-um.
2801 3190 2868 3235 Ab
2915 3204 2966 3232 eo
3010 3191 3143 3246 igitur
3185 3188 3294 3230 inde*

691 3263 883 3313 tempore
926 3254 1063 3300 Varro
1113 3260 1251 3296 totum
1299 3267 1342 3295 se
1381 3251 1554 3295 tradidit
1599 3253 1911 3298 conscribendis
1953 3254 2102 3307 libris,
2151 3256 2197 3297 in
2241 3253 2405 3312 quibus·
2429 3261 2535 3297 t'este
2561 3253 2694 3298 Cicer.
2729 3251 2864 3296 Acad.
2898 3252 2981 3306 Qu.
3016 3252 3053 3295 1.
3085 3264 3124 3294 c.
3157 3251 3201 3294 33.
3237 3251 3280 3292 9.

687 3317 819 3361 modo
878 3324 1056 3362 aetatem
1122 3317 1310 3374 patriae,
1369 3323 1444 3359 aut
1510 3314 1804 3372 descriptiones
1847 3325 2088 3375 temporum
2107 3345 2130 3369 ,·
2166 3324 2245 3360 aut-
2287 3329 2511 3360 sacrorum·
2550 3317 2643 3359 inea
2691 3322 2769 3358 aut
2813 3310 3117 3366 sacerdotum;-
3155 3312 3282 3354 modo

689 3379 993 3431 domesticam,
1042 3386 1115 3421 aut
1165 3378 1360 3421 bellicam
1409 3377 1702 3438 disciplinam3
1750 3379 1890 3422 mode·
1925 3379 2075 3423 sedem·
2110 3380 2333 3438 regionum
2352 3410 2365 3432 ,
2410 3386 2454 3421 et
2501 3379 2692 3422 locorum
2712 3393 2730 3429 ;-
2774 3377 2902 3420 inodo
2942 3378 3140 3420 omnium-
3170 3374 3282 3416 divi-

687 3456 843 3486 narum
891 3440 1261 3499 humanarumque
1306 3440 1448 3484 r'erum
1494 3440 1669 3483 nomina
1682 3469 1705 3492 ,-
1748 3444 1934 3497 genera,
1984 3439 2151 3493 officia,
2193 3455 2350 3486 causas·
2366 3441 2563 3498 aperuit3
2597 3437 2918 3498 plurimumque
2946 3438 3114 3482 luminis
3147 3437 3291 3492 poetis·

686 3504 891 3548 Romanis
936 3503 1198 3561 omninoque
1241 3503 1411 3547 latinis·
1443 3503 1579 3546 literis
1617 3509 1666 3545 et·
1707 3502 1847 3546 verbis⁴
1886 3502 2052 3558 attulit3
2091 3511 2233 3562 atque*
2273 3504 2369 3559 ipse,
2403 3504 2576 3545 varium·
2606 3509 2648 3546 et
2694 3502 2862 3560 elegans
2899 3502 3017 3544 omni
3066 3500 3155 3542 fere
3188 3512 3275 3541 nu-

687 3581 805 3612 mero
834 3571 989 3626 poema
1022 3566 1152 3615 fecit.
1197 3564 1607 3628 philosophiamque*
1643 3565 1795 3609 multis·
1826 3565 1930 3609 locis
1968 3565 2198 3611 inchoavit.
2263 3565 2359 3621 Qua
2403 3565 2456 3610 de
2500 3579 2543 3608 re
2591 3571 2751 3609 t'ant'am
2804 3567 2949 3609 nactus
2988 3569 3050 3607 est
3097 3561 3278 3605 nominis

684 3629 873 3682 famam,-
912 3638 999 3682 ut,.
1033 3627 1397 3688 quomadmodum
1443 3627 1604 3674 Plinius
1646 3625 1800 3673 scribiti
1836 3629 1882 3672 L.
1935 3626 2043 3676 vu..
2081 3642 2121 3673 c.
2167 3624 2242 3673 30.
2297 3625 2411 3687 (31.)
2478 3622 2547 3672 Μ
2600 3623 2870 3679 Varronis,
2903 3628 2957 3670 in
2986 3623 3275 3675 bibliotheca,
