3442 4094
1554 96 1618 149 37

308 262 310 264 v
347 232 510 276 Certior
553 237 809 274 autemxres
852 237 911 272 est
957 229 1020 273 do'
1054 233 1196 286 pugna
1243 229 1443 280 Actiaca,
1493 231 1539 271 in
1582 244 1695 287 qua,
1747 237 1796 272 ut
1840 229 1983 273 scribit
2025 229 2280 274 Plutarchus
2317 231 2364 274 in
2400 230 2559 274 Anton.
2600 248 2642 288 p.
2680 235 2787 279 946.
2823 235 2874 277 A.

286 296 459 347 Καῖσαρ
494 293 565 336 ἐπὶ
597 294 678 334 τοῦ
709 289 934 352 εὐωνύμου
966 289 1101 341 τάξας
1136 290 1434 345 Ἀγρίππαν,
1468 291 1587 346 αὑτῷ
1619 293 1668 333 τὸ
1704 288 1849 340 δεξιὸν
1882 290 2106 337 κατέλιπε.
2173 294 2286 351 Ergo

850 417 973 460 Hine
1005 389 1255 473 Augustus
1286 428 1430 471 agene
1461 414 1612 455 Italos
1643 416 1696 455 in
1721 414 1907 469 proelia
1940 415 2110 458 Caesar

852 476 1253 525 CumvPatribun
1288 475 1575 532 Populoque,
1611 474 1867 518 Penatibus
1899 482 1941 516 et
1972 479 2161 534 magnis
2192 476 2312 519 Die.-

852 541 1003 583 Parce.
1033 538 1137 580 alia
1167 539 1317 579 ventis
1348 545 1392 579 et
1425 537 1519 580 Die
1551 537 1775 595 Agrippa
1807 536 2016 579 secundis

850 600 1047 646 Arduus
1074 615 1245 658 agmen
1273 614 1416 659 agene
1429 631 1442 651 ‚

285 739 332 774 ut
380 730 579 786 Virgilius
629 729 744 773 canit
785 727 892 770 Aen.
939 725 1059 771 vlu.
1107 725 1214 771 678.
1267 724 1426 771 bellum
1470 724 1775 777 confecerunt,
1825 730 2036 782 reportata
2083 725 2355 767 illustrissima
2401 726 2601 779 victoria,
2649 742 2758 786 quae
2790 732 2876 774 ini-

285 795 392 836 tium
424 793 507 834 fuit
540 792 612 833 otii
645 798 686 832 et
718 789 1035 847 tranquillitatis
1067 790 1419 844 exoptatissimae.

347 855 399 896 Et
453 853 508 895 ab
566 867 615 895 eo
676 850 849 909 quidem
912 850 1009 892 inde
1057 857 1244 907 tempore
1294 852 1428 892 maior
1479 850 1605 892 etiam
1652 849 1892 906 Augustum
1939 850 2049 892 inter
2096 857 2137 892 et
2181 851 2415 907 Agrippam
2468 852 2623 893 exstitit
2669 854 2878 895 amicitiae

285 917 544 960 coniunctio.
610 915 719 957 Tum
766 914 878 956 enim
933 911 1048 956 hunc
1097 913 1339 970 praecipue⁴
1373 920 1416 956 et
1460 914 1744 956 Maecenatem
1791 910 1995 954 adhibere
2042 913 2180 970 coepit
2212 913 2456 971 Augustus,
2491 929 2673 973 quorum
2707 916 2879 957 consilio

283 987 474 1021 uteretur
520 985 560 1019 ct
606 976 762 1034 quibus
812 979 963 1017 πάντα
998 976 1065 1015 ’τὰ
1105 975 1335 1029 ἀπὸῤῥητα
1376 974 1632 1026 ἀνεκοίνου,
1677 983 1724 1017 ut
1769 975 1913 1017 scribit
1949 976 2026 1017 Dio
2055 976 2212 1018 Cassius
2247 977 2290 1019 L.
2324 977 2416 1019 LII.
2452 991 2491 1019 c.
2532 981 2572 1020 1.
2606 993 2649 1034 p.
2685 979 2790 1020 464.
2827 980 2876 1021 D.

283 1043 375 1083 Mox
428 1055 524 1081 vero
571 1040 784 1096 Augustus
827 1040 1013 1080 amicum
1057 1054 1209 1088 suum,
1259 1039 1332 1095 qui
1375 1045 1496 1079 antea
1546 1038 1629 1079 iam
1673 1037 1937 1092 amplissimis
1979 1037 2022 1079 in
2065 1053 2108 1080 re
2155 1037 2322 1093 publica
2369 1039 2540 1082 functus
2594 1047 2684 1082 erat
2730 1055 2880 1084 mune-

285 1102 424 1154 ribus,
483 1108 530 1144 ut
591 1101 788 1145 Praetura
842 1117 881 1145 a.
933 1101 1039 1147 714.
1105 1099 1335 1144 Consulatu
1381 1114 1420 1145 a.
1470 1101 1577 1144 717.
1630 1106 1669 1144 et
1712 1099 1939 1145 Aedilitate
1985 1114 2025 1145 a.
2072 1101 2179 1144 721.
2226 1101 2268 1144 iu
2319 1101 2498 1147 Censura
2548 1102 2757 1160 collegam
2802 1104 2880 1146 sibi

283 1164 384 1207 fecit
431 1178 472 1210 a.
523 1165 627 1207 725.
694 1171 742 1206 ut
802 1163 1005 1206 Senatum
1068 1162 1121 1205 ad
1181 1163 1401 1220 pristinum
1463 1162 1640 1204 modum
1697 1170 1740 1205 et
1787 1162 2052 1219 splendorem
2111 1163 2346 1220 redigeret;
2397 1166 2440 1205 in
2486 1179 2615 1222 quem
2659 1165 2875 1215 ordinem,

283 1227 403 1268 bellis
440 1227 632 1268 civilibus
678 1233 739 1267 tot
787 1228 947 1283 equites
990 1224 1137 1266 adsciti
1184 1233 1303 1267 erant
1350 1232 1392 1267 ct
1438 1225 1591 1280 plebeii
1639 1224 1944 1282 indignissimi,
1997 1232 2044 1267 ut
2090 1234 2330 1268 senatorum
2375 1241 2575 1268 numerus
2623 1230 2878 1284 pervenisset

282 1288 335 1332 ad
370 1289 671 1331 millenarium.
736 1286 799 1331 Cf.
835 1289 912 1330 Dio
943 1287 1101 1330 Cassius
1134 1287 1178 1330 L.
1214 1288 1304 1330 LII.
1339 1300 1380 1329 c.
1417 1288 1491 1330 42.
1526 1301 1568 1342 p.
1606 1288 1712 1329 494.
1745 1287 1799 1330 A.
1864 1287 2040 1329 Sueten.
2073 1287 2118 1329 iu
2150 1288 2263 1344 Aug.
2300 1302 2339 1331 c.
2375 1291 2451 1332 35.

343 1350 505 1394 Deinde
559 1350 790 1408 Agrippam
852 1364 993 1412 usque
1053 1350 1106 1389 in
1167 1350 1363 1390 tertium
1417 1348 1707 1391 consulatum
1765 1349 1982 1390 amicitia
2035 1351 2276 1406 principie
2335 1352 2481 1393 evexit
2494 1366 2512 1401 3
2565 1366 2675 1408 quae
2726 1353 2877 1396 Velleii

281 1415 408 1456 verba
449 1415 495 1456 L.
548 1415 606 1455 11.
658 1427 697 1454 c.
748 1414 821 1454 90.
870 1415 927 1453 ita
970 1411 1164 1452 videntur
1213 1410 1487 1467 intelligenda
1527 1420 1575 1452 ut
1619 1413 1837 1466 Agrippa,
1886 1412 1962 1469 qui
1999 1410 2164 1453 dudum
2206 1412 2353 1455 consul
2384 1414 2546 1461 fuerat,
2582 1422 2746 1456 creatus
2776 1430 2876 1457 cum

282 1478 330 1519 L.
373 1475 547 1518 Caninio
587 1475 710 1518 Gallo
743 1490 781 1517 a.
828 1476 932 1517 717.
983 1472 1053 1515 hic
1096 1472 1260 1515 dicatur
1303 1474 1484 1515 alterum
1534 1471 1592 1530 (a.
1629 1470 1767 1530 726.)
1817 1480 1860 1515 et
1909 1487 2005 1515 mox
2041 1473 2105 1515 vel
2147 1475 2319 1517 tertium
2352 1475 2616 1519 consulatum
2655 1475 2714 1533 (a.
2750 1476 2875 1533 727.)

282 1545 430 1582 nactus
474 1552 558 1581 esse
604 1552 678 1593 per
711 1536 941 1580 amicitiam
981 1535 1188 1592 Augusti:
1231 1534 1285 1579 dc
1319 1549 1405 1592 qua
1449 1535 1633 1578 amicitia
1667 1535 1726 1579 ita
1754 1534 1901 1577 scribit
1935 1535 2011 1578 Dio
2042 1534 2200 1578 Cassius
2232 1537 2278 1579 L.
2310 1536 2424 1580 Lul.
2456 1550 2495 1579 c.
2534 1540 2574 1581 1.
2609 1552 2651 1595 p.
2690 1540 2795 1582 496.
2831 1541 2877 1583 C.

281 1599 357 1641 τὸν
411 1600 492 1653 γὰρ
540 1597 808 1653 Ἀγρίππαν
854 1599 895 1646 ἐς
942 1594 1189 1652 ὑπερβολὴν
1237 1597 1381 1650 ἐτίμα·
1432 1594 1582 1649 ἀμέλει
1633 1599 1712 1649 τήν
1759 1611 1804 1636 τε
1854 1594 2095 1649 ἀδελφιδῆν
2141 1597 2259 1651 αὐτῷ
2305 1603 2545 1654 συνῴκισε,
2591 1604 2664 1639 καὶ
2696 1606 2875 1654 σκηνὴν,

280 1661 409 1704 ὁπότε
440 1661 829 1718 συστρατεύοιντο,
862 1659 1018 1713 ὁμοίαν
1053 1664 1106 1714 τῇ
1140 1660 1297 1700 ἑαυτοῦ
1334 1662 1528 1715 παρεῖχε·
1560 1661 1624 1710 τό,
1659 1673 1704 1700 τε
1739 1659 1946 1713 σύνθημα
1980 1658 2085 1713 παρ’
2118 1658 2371 1713 ἀμφοτέρων
2406 1666 2526 1714 σφῶν
2561 1659 2750 1705 ἐδίδοτο.

343 1723 532 1765 Tandem
599 1738 696 1765 vero
755 1724 903 1763 intima
959 1722 1029 1762 illa
1089 1723 1350 1763 familiaritas
1411 1723 1664 1777 gravissime>
1697 1721 1860 1763 videtur
1908 1736 1991 1763 esse
2035 1729 2172 1776 rupta.
2247 1725 2355 1764 Rem
2403 1732 2543 1765 narrat
2596 1726 2671 1766 Dio
2721 1726 2877 1768 Cassius

281 1790 326 1829 L.
360 1789 473 1827 L111.
507 1801 546 1827 c.
582 1790 659 1827 30.
694 1801 738 1841 p.
774 1790 879 1827 517.
914 1787 964 1826 B.
998 1800 1061 1840 sq.
1125 1785 1297 1825 Scilicet
1329 1784 1544 1838 Augustus
1577 1782 1723 1826 consul
1755 1782 1832 1827 XI.
1867 1799 1964 1826 cum
1997 1781 2224 1839 Calpurnio
2258 1784 2404 1828 Pisone
2437 1784 2543 1829 adeo
2578 1787 2692 1843 gravi
2727 1787 2874 1831 morbo

282 1848 515 1900 decubuit,
567 1857 614 1891 ut
665 1848 780 1890 nulla
835 1862 926 1904 spes
973 1846 1114 1889 salutis
1158 1844 1332 1890 adesset.
1398 1845 1551 1905 ltaque
1599 1845 1823 1899 omnibus,
1874 1852 1921 1890 ut
1970 1860 2064 1890 mox
2116 1847 2367 1902 moriturus,
2420 1847 2650 1906 dispositis,
2696 1857 2738 1893 et
2787 1865 2875 1895 ma-

282 1911 549 1970 gistratibus,
598 1917 924 1968 senatorumque
970 1916 1011 1952 et
1060 1909 1254 1968 equitum
1303 1908 1560 1967 primoribus
1601 1909 1654 1952 ad
1695 1923 1736 1952 se
1785 1910 1966 1962 vocatis,
2017 1908 2232 1963 libellum,
2282 1912 2326 1952 in
2375 1925 2503 1971 quem
2537 1915 2797 1955 exercituum
2832 1923 2875 1957 et

280 1975 495 2019 redituum
543 1974 812 2033 publicorum
861 1972 1045 2016 indicem
1090 1973 1419 2030 conscripserat,
1468 1987 1595 2030 quem
1654 1974 1879 2015 Suetonius
1927 1973 1971 2013 in
2018 1973 2132 2030 Aug.
2179 1987 2219 2016 c.
2270 1975 2345 2015 28.
2384 1983 2502 2017 vocat
2535 1975 2873 2020 Rationarium

281 2038 508 2096 Imperii,
576 2037 746 2080 tradidit
804 2037 967 2086 Pisoni,
1030 2036 1242 2091 Agrippae
1295 2043 1438 2077 autem
1497 2037 1719 2079 annulum.
1792 2035 1845 2078 Id
1893 2036 2026 2092 igitur
2072 2050 2279 2078 summam
2324 2038 2438 2093 apud
2487 2053 2630 2080 omnes
2676 2042 2876 2082 excitavit

281 2100 601 2143 admirationem
646 2099 762 2157 quod
802 2099 1013 2156 Augustus
1057 2099 1292 2154 Agrippam
1339 2098 1598 2154 praetulisset
1645 2098 1870 2149 Marcello,
1918 2112 2073 2154 quem,
2123 2100 2272 2140 sororis
2321 2114 2420 2142 suae
2467 2100 2666 2143 Octaviae
2710 2102 2874 2152 filium,

283 2166 342 2207 ita
400 2164 618 2205 amavisset
680 2169 723 2204 et
792 2168 852 2203 tot
908 2174 958 2203 ac
1020 2162 1143 2202 tantis
1206 2167 1387 2202 ornasset
1453 2159 1682 2204 bonoribus
1741 2168 1787 2203 ut
1853 2173 1996 2203 omnes
2057 2159 2384 2214 arbitrarentur,
2460 2161 2609 2214 hunc,
2674 2166 2707 2207 si
2771 2167 2874 2223 quid

281 2225 498 2270 accidisset
556 2225 748 2276 Caesari,
808 2237 1089 2266 successorem
1150 2222 1361 2279 potentiae
1409 2223 1498 2264 eius
1542 2223 1750 2266 futurum.
1824 2222 1951 2265 Porro
2000 2222 2215 2280 Augustus
2263 2225 2440 2266 allevato
2485 2238 2689 2283 corpore,
2738 2242 2875 2285 quum

280 2290 536 2344 intelligeret
581 2288 645 2330 his
692 2287 744 2330 de
791 2287 927 2329 causis
978 2285 1222 2328 Marcellum
1266 2285 1523 2327 simultatem
1568 2286 1754 2343 aliquam
1803 2292 1947 2327 contra
1995 2285 2231 2342 Agrippam
2277 2289 2529 2344 suscepisse,
2583 2303 2659 2340 ne,
2707 2292 2738 2332 si
2789 2306 2875 2334 uno

280 2353 324 2394 in
370 2351 479 2398 loco
509 2350 779 2401 mansissent,
830 2347 1010 2391 offensae
1062 2347 1172 2390 inter
1219 2362 1287 2390 eos
1333 2361 1384 2389 ac
1434 2348 1723 2390 contentiones
1762 2347 2099 2398 intercederent,
2134 2349 2365 2404 Agrippam
2400 2352 2604 2392 continuo
2635 2353 2675 2393 in
2709 2354 2873 2397 Svriam

280 2411 549 2466 amandavit,
611 2412 694 2455 cub
758 2413 925 2470 specie,
990 2418 1037 2452 ut
1096 2411 1284 2455 Velleius
1343 2411 1390 2453 L.
1443 2410 1502 2452 II.
1549 2424 1589 2451 e.
1637 2411 1711 2452 93.
1760 2411 1929 2462 scribit,
1978 2411 2357 2452 ministeriorum
2394 2402 2764 2469 principalium]
2817 2425 2871 2455 ut

270 2477 414 2535 fama
458 2476 697 2534 loquitur,
743 2476 795 2516 ob
840 2477 1013 2516 tacitae
1055 2489 1158 2514 cum
1204 2473 1430 2514 Marcello
1474 2472 1755 2528 offensiones.
1829 2474 1884 2514 At
1927 2487 2023 2514 vcro
2067 2475 2284 2528 Agrippa,
2337 2476 2449 2518 Urbe
2497 2477 2735 2531 profectus,
2787 2494 2873 2520 nou

281 2538 462 2596 perrexit
505 2540 548 2579 in
596 2538 773 2596 Syriam,
823 2536 922 2585 sed,
968 2537 1097 2578 missis
1137 2550 1188 2578 eo
1235 2537 1381 2592 legatis
1427 2537 1534 2588 suis,
1584 2535 1705 2579 Lesbi
1749 2535 1997 2591 permansit;
2048 2542 2090 2578 et
2139 2535 2311 2593 quidem
2358 2537 2587 2596 Mitylenis,
2638 2539 2872 2583 secundum

280 2602 529 2644 Suetonium
579 2602 624 2641 in
670 2601 784 2657 Aug.
833 2614 872 2642 c.
920 2601 994 2641 66.
1044 2606 1087 2639 et
1135 2599 1179 2638 in
1229 2598 1323 2640 Tib.
1365 2612 1405 2639 c.
1453 2599 1524 2639 10.

343 2665 517 2707 Huncce
566 2662 786 2706 discessum
837 2677 940 2705 num
984 2662 1140 2704 mirum
1192 2661 1382 2704 videatur
1425 2661 1457 2704 si
1499 2661 1688 2719 Agrippa
1731 2662 1876 2704 tulerit
1917 2661 2183 2719 aegerrime?
2249 2662 2365 2717 Quid
2413 2664 2484 2707 alii
2509 2667 2735 2718 senserint,
2773 2667 2868 2709 licet

279 2727 464 2786 quodam
499 2725 626 2770 modo
674 2726 856 2783 intelligi
902 2741 950 2768 ex
998 2724 1159 2776 Plinio,
1203 2725 1281 2782 qui
1326 2724 1373 2767 L.
1423 2724 1520 2770 Vll.
1566 2739 1606 2768 c.
1653 2726 1726 2768 46.
1775 2721 1915 2783 (45.)‚
1966 2724 2039 2767 ubi
2089 2727 2209 2770 sortis
2250 2725 2460 2771 humanae
2510 2730 2718 2772 volumina
2753 2744 2867 2773 enu-

279 2798 439 2841 merat,
487 2804 597 2847 quae
644 2790 690 2831 in
735 2790 840 2831 Divo
887 2789 1080 2843 Augusto
1126 2788 1418 2842 reperiuntur,
1466 2789 1656 2830 nominat
1698 2802 1871 2845 quoquc
1910 2787 2174 2843 pudendam
2221 2792 2468 2847 Agrippae
2516 2791 2869 2849 ablegationem.

280 2856 552 2910 Quamquam
601 2867 687 2894 non
732 2852 804 2895 diu
851 2850 1042 2902 duravit:
1093 2865 1216 2902 nam,
1261 2849 1458 2894 Marcello
1508 2849 1633 2907 paulo
1682 2858 1774 2907 post
1819 2856 2010 2904 mortuo,
2060 2850 2250 2909 Agrippa
2285 2853 2328 2895 in
2360 2853 2522 2896 ltaliam
2558 2861 2773 2897 revocatus
2806 2864 2868 2900 est

279 2926 322 2961 et
382 2915 578 2971 deinceps
637 2929 802 2958 summo
864 2912 1025 2958 honore
1073 2920 1252 2965 auctus,
1301 2912 1360 2957 ita
1409 2918 1457 2956 ut
1505 2928 1545 2957 a.
1597 2914 1704 2957 734.
1753 2913 1982 2971 praefuerit
2030 2913 2284 2971 expeditioni
2333 2916 2377 2957 in
2425 2915 2632 2968 Galliam,
2680 2917 2867 2961 Germa-

278 2981 393 3024 niam
453 2985 495 3022 et
542 2977 810 3035 Hispaniam,
861 2977 934 3019 ubi
981 2975 1210 3019 Cantabros
1262 2976 1388 3026 vicit,
1440 2982 1482 3018 et
1527 2990 1623 3018 mox
1670 2978 1850 3019 Romam
1902 2975 2031 3018 redux
2080 2984 2253 3019 evectus
2293 2979 2344 3018 sit
2391 2979 2434 3018 in
2485 2979 2716 3035 collegium
2766 2982 2865 3023 Tri—

278 3042 469 3085 bunitiae
504 3040 738 3098 potestatis;
774 3053 902 3096 quam
938 3045 1183 3095 potestatem
1217 3038 1401 3079 obtinuit
1435 3053 1570 3096 usque
1601 3038 1653 3080 ad
1687 3054 1726 3080 a.
1764 3041 1869 3082 736.
1903 3053 1989 3095 quo
2023 3046 2211 3080 mortuus
2245 3047 2332 3089 est,
2365 3041 2509 3093 aetatis
2541 3056 2652 3082 anno
2686 3043 2753 3085 LI.

340 3105 391 3148 In
435 3103 509 3146 illo
557 3103 713 3159 igitur,
765 3115 894 3159 quem
943 3100 1059 3151 dixi,
1109 3100 1320 3152 discessu,
1367 3101 1557 3157 Agrippa
1603 3101 1834 3157 Mitylenis,
1884 3102 2049 3142 nescius
2095 3100 2261 3142 futurae
2307 3101 2452 3152 sortis,
2493 3108 2536 3143 et
2574 3104 2778 3160 scripsisse
2823 3115 2869 3148 et

278 3166 449 3210 edidisse
494 3165 661 3208 'videtur
702 3163 827 3206 libros
877 3162 930 3206 de
980 3163 1075 3207 Vita
1123 3163 1210 3205 Sua
1255 3170 1297 3206 et
1343 3163 1468 3206 rebus
1504 3178 1530 3205 a
1560 3178 1602 3206 se
1636 3164 1782 3220 gestis:
1818 3169 1865 3205 ut
1899 3162 2113 3219 quondam
2145 3162 2304 3205 fecerat
2336 3163 2383 3206 P.
2418 3165 2607 3208 Rutilius
2635 3168 2680 3208 in
2712 3166 2865 3212 eodem

276 3230 433 3288 angulo
478 3229 590 3272 exul.
656 3226 780 3282 Quod
829 3226 863 3270 si
911 3240 1058 3268 verum
1108 3233 1199 3277 est,
1248 3226 1437 3270 dicamus
1484 3225 1698 3283 Agrippae
1747 3224 1859 3281 banc
1906 3231 2003 3267 anto
2051 3226 2190 3268 omnia
2235 3225 2360 3269 fuisse
2408 3226 2619 3271 scribendi
2665 3243 2866 3284 causam,

277 3302 325 3337 ut
382 3292 484 3336 falsa
543 3290 742 3334 liberaret
797 3304 840 3333 se
888 3287 1075 3332 affectati
1115 3288 1283 3345 imperii
1328 3289 1588 3346 suspicione,
1637 3288 1914 3345 expositisque
1956 3287 2030 3339 iis,
2075 3301 2184 3345 quae
2230 3288 2275 3329 in
2324 3290 2497 3346 patriae.
2525 3304 2624 3333 suae
2667 3306 2866 3337 commo-

276 3357 379 3401 dum
413 3354 603 3406 fecisset,
639 3360 681 3396 et
708 3352 903 3411 aequales
935 3358 977 3394 et
1009 3350 1288 3409 posteritatem
1317 3350 1505 3402 doceret,
1541 3350 1732 3392 debuisse
1760 3350 1840 3394 sibi
1870 3349 2091 3406 obtingere
2124 3350 2342 3393 meliorem
2376 3359 2558 3405 sortem,
2588 3369 2719 3412 quam
2755 3371 2868 3414 quae

274 3434 391 3463 nunc
423 3418 652 3475 obtigisset.

333 3542 436 3586 Cffr.
482 3539 718 3591 Vossius,
769 3537 822 3583 de
865 3539 972 3582 Hist.
1017 3537 1109 3582 Lat.
1152 3534 1198 3583 L.
1243 3534 1280 3582 I.
1320 3550 1360 3583 c.
1411 3536 1482 3582 18.
1549 3535 1951 3588 Westermanu,
2002 3538 2042 3595 §.
2085 3538 2164 3582 84.
2194 3552 2238 3596 p.
2274 3539 2382 3584 281.
2446 3541 2637 3600 Meyer,
2674 3543 2712 3599 S.
2750 3542 2865 3590 clx.

276 3624 317 3664 p.
365 3606 468 3648 522.
546 3601 702 3655 Bahr,
753 3603 793 3659 §.
840 3603 947 3646 216.
994 3601 1043 3647 T.
1084 3602 1142 3645 11.
1195 3599 1237 3660 p.
1287 3603 1364 3647 84.
1440 3602 1490 3646 D.
1540 3616 1633 3645 van
1679 3601 1957 3645 Lankereu
1997 3601 2254 3656 Matthes,
2314 3604 2503 3661 Specim.
2543 3606 2864 3653 Historico·Lit.
