3442 4094
1840 106 1908 158 44

579 247 792 289 uxorem,
844 238 890 280 in
939 236 1027 294 ipso
1077 237 1121 280 L.
1174 234 1273 279 vll.
1322 245 1365 275 c.
1410 234 1453 274 6.
1509 229 1594 291 (7.)
1641 244 1977 277 commemorans
2018 232 2181 292 aliquid
2226 248 2276 277 ex
2323 236 2587 295 Agrippinae
2629 244 2814 301 scripto,
2851 245 3016 290 nullum
3050 244 3181 291 alium

578 300 770 352 librum,
822 301 898 344 nisi
943 299 1068 341 hosce
1115 294 1445 349 Commentarios
1492 294 1654 337 videtur
1699 296 1878 353 potuisse
1922 295 2171 353 significare.
2239 297 2318 341 Hic
2363 300 2519 357 igitur:
2586 302 2644 346 In
2679 306 2830 362 poda,
2871 309 3025 368 inquit,
3066 324 3180 367 Ρη..

580 363 733 406 cedere
781 368 1054 411 mise-entem,
1105 365 1267 400 contra
1315 365 1541 399 viaturam
1589 365 1685 399 est.-
1731 373 1821 416 quo
1866 367 2143 418 argumento
2190 374 2262 401 eos
2306 361 2596 418 appellavere
2637 364 2912 425 Agin-imag,
2955 379 3011 414 ης
3041 387 3179 433 “egre

581 434 774 484 partos:
822 422 1030 481 qualiter
1078 420 1145 464 M.
1189 420 1465 480 Agrippam
1492 419 1665 478 serunt
1699 422 1917 480 genitum
1935 448 1959 475 ,-
1988 424 2125 464 unico
2157 437 2302 480 prope
2331 422 2598 482 felicitatis
2637 431 2839 485 exemplo
2881 435 2934 476 in
2972 436 3184 478 omnihus

586 489 650 532 ad
705 489 820 530 hunc
874 484 1059 527 modum
1111 485 1409 543 genitis---
1482 480 1708 526 Neronem
1764 498 1937 543 quoque
1987 485 2134 542 paulo
2181 493 2288 528 ante
2330 488 2619 544 principern,
2672 497 2716 531 et
2765 498 2860 533 toto
2903 499 3181 556 principatu

585 566 666 593 suo
698 551 869 592 hostem
897 549 1088 607 generis
1121 546 1343 599 humani,
1372 545 1569 604 pedibus
1596 548 1814 605 genitum
1838 562 2015 604 parens
2045 550 2146 590 eius
2176 548 2345 591 scribit
2379 548 2670 609 Agrippina.

648 612 707 653 Ex
759 611 843 653 hoc
890 612 1015 654 Plinii
1063 610 1192 663 loco,
1237 622 1500 668 quamquam
1544 609 1715 652 aliunde
1762 623 2033 668 nequaquam
2083 611 2275 654 novimus
2321 625 2411 670 quo
2455 614 2587 670 spatio
2634 615 2779 657 aetatis
2818 629 2917 662 suae
2947 617 3183 677 Agrippina

585 675 911 717 commentarios
960 673 1084 715 hosce
1130 673 1452 730 conscripserit,
1505 685 1583 714 nec
1631 674 1768 730 magis
1809 686 2032 731 quousque
2082 673 2167 731 ipsa
2217 687 2431 731 progressa
2482 676 2534 718 sit
2579 676 2623 717 in
2672 677 2903 721 enarranda
2954 680 3036 724 vita
3082 698 3183 736 sua,

584 737 783 780 ‘ridemur
830 738 950 780 nobis
999 735 1162 794 aliquid
1207 736 1261 778 de
1308 750 1357 777 ea
1406 749 1450 777 re
1496 749 1609 792 posse
1655 736 1871 793 suspicari.
1937 735 2082 790 Quum
2127 736 2241 778 enim
2289 737 2448 781 Plinius
2493 738 2675 788 scribat,
2723 754 2808 783 csse
2856 749 3003 785 contra
3051 753 3181 789 natu..

588 816 679 843 ram
742 802 774 842 si
821 799 1013 842 homines
1057 805 1283 840 nascantur
1330 798 1602 854 procedentes
1656 799 1699 839 in
1751 798 1905 855 pedes,
1956 797 2152 855 dicatque
2196 799 2476 856 Agrippinam
2525 802 2752 859 scripsisse,
2803 800 3012 848 Neronem
3060 808 3184 851 fuisse

590 865 782 920 genitum
840 862 1047 918 pedibus,
1108 861 1239 902 videri
1285 862 1410 916 possit
1458 861 1694 916 Agrippina
1743 861 1886 901 dixisse
1931 860 2092 916 aliquid
2138 875 2227 917 quo
2270 862 2507 905 ostenderet
2551 867 2740 907 animum
2787 866 2991 919 Neronis,
3042 878 3187 927 utpote

588 933 735 968 contra
781 932 974 966 naturam
1020 924 1135 974 nati,
1186 937 1271 964 esse
1321 921 1631 973 inhumanum,
1684 936 1763 964 nec
1812 923 1968 964 mirum
2017 936 2101 963 esse
2144 923 2177 964 si
2222 922 2334 965 Nero
2381 932 2484 967 esset
2531 924 2658 969 homo
2691 929 2850 971 infelix.
2916 931 3006 973 Hoc
3039 940 3184 976 autem

590 1003 676 1029 non
739 986 904 1028 dictura
966 986 1119 1035 suerit,
1169 984 1327 1035 credo,
1378 984 1582 1043 quamdiu
1626 998 1726 1025 cum
1765 985 1931 1026 Nerone
1980 985 2023 1025 in
2063 985 2243 1026 amicitia
2288 986 2406 1028 vixit.
2472 987 2579 1029 Inde
2622 990 2755 1045 igitur
2801 993 2987 1050 suspicor
3028 996 3187 1054 Agrip-

588 1053 733 1106 pinam
788 1065 837 1091 eo
896 1057 1087 1103 tempore
1151 1047 1276 1090 hosce
1337 1048 1662 1088 commentarios
1723 1048 2035 1102 conscripsisse,
2097 1062 2185 1103 quo
2244 1047 2390 1089 odium
2451 1050 2562 1090 inter
2611 1060 2790 1093 matrem
2838 1064 2879 1095 et
2922 1056 3059 1098 filium
3103 1060 3189 1100 iam

590 1120 694 1153 esset
728 1118 947 1152 exortum:
983 1111 1156 1151 fortasse
1189 1109 1316 1164 paulo
1349 1115 1441 1163 post
1473 1122 1603 1164 quam
1635 1122 1660 1148 a
1694 1108 1860 1150 Nerone
1892 1109 2010 1164 pulsa
2044 1115 2148 1149 esset
2181 1110 2352 1164 palatio.
2544 1120 2550 1124 ·
2781 1124 2784 1127 ·

650 1174 881 1229 Aliquanto
923 1173 1081 1213 certius
1122 1170 1324 1226 suspicari
1372 1183 1587 1225 possumus
1634 1167 1687 1210 de
1732 1176 1987 1226 argumento
2037 1167 2192 1212 horum
2237 1170 2660 1216 Commentariorum·
2726 1175 2871 1229 Quum
2918 1182 3029 1222 enim
3064 1183 3187 1225 Taci-

585 1245 653 1277 tus
695 1234 849 1275 scribat
884 1234 1162 1289 Agrippinam
1195 1245 1278 1273 non
1309 1230 1436 1272 modo
1468 1232 1595 1272 vitam
1623 1245 1769 1280 suam,
1802 1231 1873 1272 sed
1908 1232 2036 1273 etiam
2066 1245 2201 1273 casus
2232 1246 2422 1274 suorum
2462 1237 2634 1290 posteris
2669 1249 2945 1291 memorasse,
2982 1241 3071 1283 fere
3102 1258 3186 1286 nun

587 1297 766 1339 dubium
824 1309 906 1336 esse
955 1302 1088 1352 potest
1134 1295 1240 1351 quin
1289 1293 1551 1350 Agrippina,
1600 1301 1767 1350 praeter
1814 1307 1876 1334 res
1924 1308 2016 1335 suas
2061 1307 2319 1352 suorumque
2367 1296 2619 1338 maritorum
2667 1305 2709 1339 et
2754 1299 2926 1344 Neronis
2972 1303 3187 1357 facinora,

587 1359 880 1401 memoraverit
943 1370 1115 1415 quoque
1172 1355 1225 1397 de
1283 1356 1491 1397 maiorum
1551 1369 1721 1397 suorum
1766 1355 1862 1396 fatis
1911 1363 1953 1396 et
1996 1356 2133 1398 factis.
2199 1357 2470 1413 Quapropter
2518 1358 2718 1416 equidem
2763 1361 2887 1404 facile
2931 1364 3188 1410 crediderim

584 1423 867 1481 Agrippinam
903 1427 943 1462 et
995 1419 1047 1462 de
1096 1419 1339 1476 Augusto
1384 1419 1570 1460 locutam
1618 1432 1728 1468 esse,
1788 1431 1918 1476 quem
1966 1416 2173 1461 habuerat
2218 1433 2449 1476 proavum,
2500 1427 2540 1464 et
2590 1421 2642 1465 de
2691 1425 2831 1467 matris
2858 1439 2957 1470 suae
2988 1436 3184 1484 parente,

588 1487 858 1543 Agrippa,
910 1483 1122 1541 huiusque
1168 1482 1257 1524 filio
1306 1482 1583 1531 Postumo,
1633 1495 1765 1538 quem
1795 1480 1948 1522 nullius
1977 1481 2132 1538 flagitii
2164 1490 2453 1539 compertum,
2489 1484 2543 1526 ab
2578 1485 2773 1542 Augusto
2805 1489 2849 1529 in
2879 1489 3058 1533 insulam
3093 1494 3188 1535 Pla·

588 1551 747 1591 nasiam
795 1547 1033 1604 proiectum
1095 1559 1180 1587 esse
1227 1551 1370 1586 narrat
1414 1543 1549 1588 Tacit.
1595 1543 1706 1586 Anu.
1754 1544 1799 1585 L.
1843 1543 1877 1585 1.
1927 1557 1966 1586 c.
2015 1545 2060 1586 3.
2124 1544 2234 1586 Ante
2281 1559 2424 1588 omnes
2466 1545 2568 1588 alios
2613 1562 2713 1590 vero
2756 1554 3053 1596 memoraverit
3100 1555 3187 1598 sor·

589 1620 737 1653 tunam
807 1610 988 1667 parentis
1047 1609 1110 1649 sui
1164 1606 1496 1656 Germanici,
1561 1607 1630 1647 cui
1696 1619 1846 1646 omnes
1888 1608 2096 1661 corporis
2126 1608 2364 1664 animique
2398 1609 2628 1660 virtutes,
2677 1618 2720 1651 et
2766 1620 2968 1669 quantas
3012 1619 3190 1660 nemim·

591 1675 835 1731 cuiquam,
886 1672 1162 1728 contigisse,
1198 1669 1321 1709 satis
1351 1674 1556 1718 constat,
1592 1674 1639 1708 ut
1676 1667 1820 1709 scribit
1862 1668 2086 1708 Suetonius
2135 1670 2179 1710 in
2210 1668 2342 1725 Calig.
2375 1683 2415 1711 c.
2454 1673 2493 1713 1.
2525 1672 2569 1714 2.
2605 1673 2651 1714 3.
2675 1672 2914 1729 formam,
2951 1684 2994 1717 et
3028 1677 3189 1734 forti..

591 1735 799 1777 tudinem
843 1733 1115 1791 egregiam:
1165 1731 1431 1790 ingenium,
1484 1731 1537 1770 in
1582 1736 1776 1786 utroque
1824 1728 2104 1787 eloquentiae
2152 1730 2472 1788 doctrinaeque
2515 1746 2680 1789 genere
2715 1737 3031 1790 praecellens:
3065 1740 3187 1783 beni-

588 1799 840 1839 volentiam
896 1795 1223 1852 singularem.-
1271 1791 1668 1849 conciliandaeque
1719 1791 1955 1832 bominum
1996 1793 2215 1849 gratiae,
2267 1807 2320 1833 ac
2356 1794 2654 1848 promerendi
2695 1800 2874 1839 amoris
2919 1802 3095 1843 mirum
3143 1812 3186 1844 ec

589 1859 751 1918 efficax
795 1857 1020 1898 studium.
1093 1856 1191 1912 Qui
1238 1869 1267 1894 a
1327 1853 1531 1903 Tiberio,
1577 1861 1778 1909 patruo,
1831 1852 2104 1908 adoptatus,
2158 1853 2471 1910 Quaesturam
2503 1857 2815 1913 quinquennio
2863 1869 2998 1912 ante,
3047 1879 3188 1920 quam

582 1938 671 1980 per
721 1921 843 1979 leges
894 1918 1079 1967 liceret,
1133 1925 1203 1967 et,
1255 1923 1364 1972 post
1411 1931 1534 1965 eam,
1589 1915 1890 1958 Consulatum
1938 1916 2107 1956 statim
2152 1917 2320 1973 gessit.
2387 1916 2652 1975 Missusque
2696 1919 2759 1961 ad
2804 1925 3082 1976 exercitum,
3134 1930 3185 1968 iu

590 1983 921 2033 Germaniam,
973 1995 1154 2022 excessu
1202 1978 1417 2036 Augusti
1462 1979 1707 2029 nuntiato,
1761 1978 1959 2036 legiones
2003 1978 2273 2029 universas,
2321 1980 2649 2035 imperatorem
2696 1981 2933 2026 Tiberium
2969 1990 3184 2043 pertina-

588 2050 772 2090 cissime
821 2051 1107 2094 recusantes,
1155 2050 1199 2084 et
1249 2041 1344 2083 sibi
1386 2056 1615 2083 summam
1661 2041 1733 2082 rei
1772 2040 1987 2097 publicae
2035 2039 2311 2098 deserentes,
2361 2043 2619 2095 incertum,
2671 2050 2954 2100 constantia,
2997 2066 3058 2092 an
3085 2054 3185 2108 pie-

590 2119 708 2161 tate,
776 2111 978 2158 maiore,
1029 2106 1333 2162 compescuit.-
1382 2111 1546 2161 atque,
1597 2103 1721 2145 hoste
1769 2118 1876 2145 moa·
1921 2102 2124 2155 devicto,
2176 2104 2507 2160 triumphavit.
2587 2107 2757 2149 Consul
2805 2108 2963 2153 deinde
3012 2114 3186 2157 iterum

588 2181 795 2224 creatus,
865 2186 918 2213 ac
974 2171 1141 2226 prius,
1211 2182 1350 2225 quam
1415 2166 1628 2208 bonorem
1692 2166 1864 2213 iniret,
1927 2165 1989 2208 ad
2042 2165 2391 2222 componendum
2451 2167 2662 2210 Orientis
2711 2178 2889 2214 statum
2935 2175 3181 2231 expulsus,

587 2253 728 2296 quum
792 2232 1042 2277 Armeniae
1106 2246 1259 2289 regem
1321 2229 1587 2279 divio-isset,
1652 2228 1987 2284 Cappadociam
2031 2230 2084 2270 in
2123 2230 2391 2285 provinciae
2425 2229 2641 2287 formam
2683 2233 2960 2292 redegisset,
3011 2253 3186 2281 annum

587 2301 763 2342 aetatis
803 2312 947 2356 agens
988 2302 1212 2354 quartum
1253 2300 1296 2334 et
1336 2293 1662 2349 trigesimum,
1696 2290 1883 2333 diutino
1914 2290 2070 2333 morbo
2103 2288 2378 2334 Antiochiae
2409 2292 2553 2345 obiit,
2587 2309 2677 2336 non
2707 2297 2807 2338 sine
2838 2302 2996 2342 veneni
3026 2308 3185 2358 suspi-

588 2365 727 2407 cione.
793 2359 929 2405 Obiit
977 2367 1159 2408 autem,
1208 2363 1263 2398 ut
1309 2356 1465 2412 opinio
1499 2353 1632 2411 fuit,
1672 2352 1853 2411 fraude
1900 2352 2106 2405 Tiberii,
2140 2355 2408 2397 ministerio
2440 2363 2484 2397 et
2516 2370 2654 2413 opera
2688 2359 2767 2402 Cn.
2803 2359 3009 2405 Pisonis.
3074 2365 3183 2407 Tum

589 2438 761 2484 quoque
821 2424 907 2465 sine
952 2420 1085 2464 dubio
1129 2421 1270 2461 locuta
1312 2418 1437 2459 fuisse
1482 2416 1690 2459 censenda
1741 2423 1802 2458 est
1849 2415 1902 2457 de
1951 2423 2082 2459 matre
2130 2431 2232 2468 sua,
2280 2418 2608 2475 Agrippina,
2658 2420 2872 2478 Agrippae
2919 2424 3032 2478 filia,
3075 2441 3187 2483 quae

582 2487 769 2547 femina
810 2486 978 2544 ingens
1026 2483 1183 2524 animi
1228 2481 1385 2522 dicitur
1432 2493 1456 2521 a
1504 2480 1652 2520 Tacito
1695 2478 1806 2520 Ann.
1853 2479 1901 2521 L.
1946 2479 1982 2521 1.
2034 2492 2073 2521 e.
2124 2480 2200 2521 69.
2252 2487 2320 2531 et,
2368 2481 2569 2523 maritum
2613 2482 2656 2523 in
2700 2482 2972 2528 Germaniam
3013 2496 3181 2542 secuta,

590 2552 755 2592 munia
804 2548 936 2589 ducis
986 2545 1172 2597 induit,
1222 2542 1575 2599 militibusque,
1625 2548 1680 2584 ut
1726 2543 1834 2599 quis
1879 2543 2014 2598 inops
2060 2548 2145 2583 aut
2195 2545 2406 2593 saucius,
2458 2551 2624 2585 vestem
2672 2560 2727 2586 ac
2762 2545 2978 2601 fomenta
3032 2550 3185 2594 dilar-

587 2615 702 2671 gita
760 2619 840 2654 est.
923 2610 974 2651 In
1033 2608 1197 2650 ltaliam
1258 2605 1460 2647 reducem
1518 2611 1657 2661 postea
1715 2604 1996 2660 Agrippinam
2060 2604 2247 2646 Tiberius
2298 2605 2418 2647 duxit
2467 2621 2666 2660 uxore-m:
2714 2610 2790 2664 qui
2836 2618 2978 2653 tamen
3021 2614 3182 2669 ipsam,

591 2673 776 2717 sublato
831 2688 884 2715 ex
942 2685 993 2713 ea
1043 2669 1158 2728 filio
1214 2667 1398 2718 Druso,
1442 2674 1488 2710 ut
1529 2666 1673 2709 scribit
1717 2667 1893 2710 Sueton.
1943 2667 1988 2709 in
2033 2665 2128 2709 Tib.
2176 2680 2215 2710 c.
2265 2669 2309 2712 7.
2359 2682 2638 2726 quamquam
2680 2668 2782 2713 bene
2824 2676 3184 2728 convenientem,

592 2749 874 2795 rursumque
916 2732 1196 2793 gravidam,
1230 2730 1494 2782 dimittere,
1545 2744 1599 2772 ac
1644 2728 1851 2781 Iuliam,
1902 2727 2116 2789 Augusti
2148 2728 2342 2788 filiam,
2392 2729 2636 2791 confestim
2679 2740 2861 2776 coactus
2901 2743 2969 2779 est
3008 2736 3181 2783 ducere.

589 2800 781 2843 Tandem
839 2810 1013 2855 quoque
1060 2795 1218 2837 Tiberii
1269 2794 1415 2835 odium
1461 2807 1538 2849 per
1590 2793 1730 2834 Seiani
1773 2792 1966 2833 fraudem
2010 2806 2060 2834 eo
2108 2794 2307 2848 processit
2354 2800 2403 2834 ut
2446 2795 2579 2850 ipsam
2624 2795 2870 2853 relegaverit
2913 2800 2957 2841 jn
3004 2802 3186 2844 jugulam

589 2862 916 2907 Pandatariam,
968 2857 1308 2913 conviciantique
1357 2855 1531 2897 oculum
1580 2869 1656 2911 per
1702 2855 1996 2896 centurionem
2029 2854 2274 2897 verberibus
2306 2856 2544 2897 excusserit.
2610 2857 2660 2898 In
2694 2860 2834 2901 exsilio
2864 2860 2998 2917 igitur
3028 2864 3189 2920 Agrip-

592 2926 690 2982 pina
737 2923 941 2980 provixit,
989 2934 1063 2976 spe
1111 2925 1362 2968 sustentata,
1415 2931 1544 2973 quam
1590 2917 1709 2958 auxit
1755 2916 1896 2958 Seiani
1941 2916 2223 2973 supplicium:
2273 2931 2361 2974 quo
2408 2917 2651 2971 interfecto,
2698 2929 2945 2979 postquam
2974 2924 3105 2966 „ihil
3134 2925 3190 2967 a,

593 2987 793 3029 saevitia
846 2983 1028 3027 Tiberii
1073 2979 1429 3031 remittebatur,
1480 2978 1717 3021 voluntate
1760 2979 1990 3021 exstincta
2037 2985 2137 3020 est.-
2183 2979 2284 3021 nisi
2328 2980 2399 3031 si,
2448 2982 2636 3040 negatis
2678 2982 2947 3040 alimentis,
2979 2985 3188 3031 adsimu-

600 3049 729 3091 latus
760 3054 827 3088 est
845 3046 994 3104 finis,
1029 3046 1115 3103 qui
1146 3042 1386 3085 videretur
1417 3048 1573 3097 sponte
1604 3046 1840 3096 sumptus,
1879 3047 1925 3083 ut
1958 3041 2155 3096 opinatur
2185 3041 2354 3083 Tacitus
2390 3042 2498 3084 Ann-
2532 3044 2581 3086 L.
2613 3045 2689 3089 Vl.
2725 3059 2765 3089 c.
2801 3048 2879 3091 25.

652 3174 729 3219 eff.
765 3131 1003 3226 Vossius,
1039 3171 1093 3216 de
1126 3170 1233 3215 nist.
1268 3169 1358 3213 Lat.
1395 3168 1443 3214 L.
1476 3168 1512 3212 Ι.
1546 3181 1586 3213 c.
1622 3143 1720 3212 25(
1762 3165 1921 3219 Bahr,
1957 3167 1997 3224 S.
2033 3167 2141 3211 247.
2175 3167 2223 3212 Τ.
2258 3168 2315 3213 ΙΙ.
2350 3184 2393 3227 p.
2432 3170 2538 3214 170.
2571 3175 2636 3213 n0·
2673 3171 2719 3215 3.

1640 3288 2139 3335 Erat-enta

1242 3398 1365 3459 (Non
1396 3406 1669 3457 supersunt,
1696 3407 1889 3457 praeter
1921 3398 2079 3444 Taciti
2109 3407 2153 3443 et
2187 3399 2349 3444 Plinii
2383 3399 2434 3446 ll.
2469 3397 2550 3458 cc.)
